1940 2910
742 236 843 259 ODAS
871 235 921 258 DE
949 234 1132 258 MORACIO

397 471 492 522 Jarn
527 468 733 521 Cytherea
764 468 913 506 choros
946 468 1059 506 ducit
1090 468 1253 515 Venus,

580 543 817 581 Inminente
842 543 975 592 Lunfi,

398 619 624 669 Juntaeque
655 616 872 668 Nymphis
906 616 1060 656 Gratiae
1093 616 1287 655 decentes

404 691 581 729 Alterno
615 697 763 728 terram
797 690 990 741 quatiunt
1015 690 1135 741 pede,

582 766 697 803 Dum
731 778 875 815 graves
909 765 1143 816 Cyclopum

405 841 620 880 Vulcanus
653 841 801 878 ardens
835 841 916 878 urit
947 839 1151 878 officinas.

405 990 532 1028 Nunc
564 989 682 1027 decet
713 996 784 1028 aut
815 987 937 1026 viridi
970 988 1148 1027 nitidum
1183 994 1307 1039 caput

583 1063 795 1114 Impedire
828 1069 978 1114 myrto,

405 1137 491 1176 Aut
522 1137 635 1184 flore,
670 1145 789 1176 terrae
822 1150 948 1189 quem
981 1137 1119 1175 ferunt
1153 1137 1323 1182 solutae;

404 1213 531 1251 Nunc
562 1219 603 1250 et
640 1212 681 1250 in
715 1212 925 1249 umbrosis
963 1211 1113 1249 Fauno
1163 1211 1281 1249 decet

588 1286 798 1324 Inmolare
830 1286 945 1331 lucis,

405 1363 488 1401 Seu
520 1368 664 1414 poscat
695 1362 812 1412 agnfft,
851 1361 937 1398 sive
973 1359 1092 1398 malit
1128 1359 1275 1398 hoedo.

406 1509 569 1548 Pallida
598 1510 717 1547 Mors
751 1521 875 1559 aequo
908 1507 1046 1559 pulsat
1079 1507 1186 1558 pede

584 1584 822 1634 Pauperum
856 1582 1062 1626 tabernas,

407 1659 663 1708 Regumque
699 1664 844 1695 turres.
881 1656 918 1695 O
956 1656 1075 1694 beate
1098 1655 1219 1700 Sesti,

409 1732 524 1770 Vitae
562 1744 725 1769 summa
755 1730 893 1768 brevis
926 1742 1043 1781 spem
1078 1742 1154 1767 nos
1186 1735 1297 1767 vetat

587 1803 788 1842 Inchoare
822 1803 1002 1854 longam.

403 1881 498 1931 Jarn
533 1886 571 1917 te
604 1885 766 1930 premet
796 1891 894 1930 nox,
927 1877 1165 1928 fabulaeque
1197 1878 1347 1915 Manes

408 2030 464 2067 Et
499 2027 650 2065 domus
690 2026 808 2065 exilis
852 2025 1072 2064 Plutonia:

587 2102 683 2153 Qud)
709 2101 832 2139 simul
859 2101 1022 2145 meziris,

409 2177 500 2215 Nec
533 2189 657 2226 regna
689 2175 773 2213 vini
807 2177 978 2213 sortiere
1012 2175 1119 2220 talis,

408 2251 500 2289 Nec
524 2256 710 2288 tenerum
738 2249 938 2300 Lycidam
965 2248 1182 2294 mirabere,

591 2325 685 2375 Quo
726 2325 828 2363 calet
865 2325 1064 2376 juventus

413 2400 538 2437 Nunc
570 2399 719 2443 omnis,
755 2405 794 2436 et
827 2411 924 2435 mox
959 2398 1139 2448 virgines
1173 2397 1391 2448 tepebunt.
