1940 2910
306 245 394 278 250

751 251 853 276 ODAS
878 252 931 275 DE
958 250 1140 275 HORAclo

412 488 663 534 Contendat,
697 487 757 525 illi
789 486 910 525 turba
941 485 1138 524 clientum

413 562 478 601 Sit
509 561 664 613 major:
699 562 821 612 aequa
852 561 943 612 lege
975 559 1215 598 Necessitas

531 636 713 676 Sortitur
744 635 928 686 insignes
960 641 1002 673 et
1033 634 1163 680 imos;

592 709 731 748 Omne
763 721 894 760 capax
925 720 1049 746 move
1080 719 1185 745 urna
1217 718 1386 745 nomen.

414 857 647 896 Destrictus
679 856 791 895 ensis
823 856 889 895 cui
921 868 1047 907 super
1078 855 1208 906 impia

413 932 584 970 Cervice
616 931 783 984 pendet,
818 943 902 969 non
935 929 1085 970 Siculae
1117 929 1247 980 dapes

532 1006 710 1045 Dulcem
735 1005 1010 1045 elaborabunt
1032 1017 1244 1056 saporem;

591 1081 694 1119 Non
719 1080 858 1118 avium
884 1078 1137 1130 citharaeque
1168 1084 1313 1116 cantus

414 1229 622 1268 Somnum
656 1228 866 1267 reducent.
901 1228 1086 1267 Somnus
1119 1225 1344 1277 agrestium

414 1304 542 1342 Lenis
573 1304 764 1341 vivorum
797 1316 882 1341 non
914 1302 1085 1340 humilis
1118 1301 1269 1339 domos

531 1377 715 1416 Fastidit
745 1376 1057 1427 umbrosanque
1089 1375 1235 1427 ripam,

591 1451 696 1490 Non
730 1449 920 1503 Zephiris
953 1450 1105 1500 agitata
1136 1450 1314 1501 Tempe.

415 1600 735 1639 Desiderantem
769 1599 884 1650 quod
917 1599 1016 1637 satis
1048 1603 1122 1644 est,
1157 1610 1294 1649 neque

417 1675 742 1714 Tumultuosum
777 1673 970 1712 sollicitat
999 1685 1125 1718 mare,

535 1750 629 1789 Nec
661 1762 797 1788 saevus
829 1748 998 1787 Arcturi
1029 1747 1213 1787 cadentis

595 1824 787 1875 Impetus
819 1827 890 1861 aut
921 1821 1093 1860 orientis
1126 1819 1275 1872 Hoedi,

416 1974 517 2011 Non
550 1971 779 2011 verberatae
812 1970 1013 2022 grandine
1045 1969 1201 2014 vineae,

417 2049 679 2100 Fundusque
711 2047 905 2094 mendax
939 2047 1086 2085 arbore
1121 2058 1229 2084 nunc
1260 2056 1413 2097 aequas

538 2123 761 2175 Culpante,
795 2134 905 2161 nunc
937 2122 1134 2160 torrentia
1164 2132 1285 2171 agros

597 2197 755 2243 Sidera,
782 2209 892 2235 nunc
916 2195 1078 2234 hiemes
1110 2194 1289 2246 iniquas.

419 2346 643 2385 Contracta
674 2345 809 2397 pisces
841 2356 1011 2396 aequora
1043 2343 1228 2382 sentiunt

411 2420 543 2472 Jactis
575 2420 617 2458 in
649 2419 802 2457 altibus
835 2418 1038 2464 molibus;
1071 2416 1152 2456 huc
1183 2416 1379 2468 frequens

538 2495 754 2534 Caementa
794 2493 972 2532 demittil
1011 2492 1251 2544 redemptor

599 2568 706 2608 Cum
725 2567 906 2615 famulis,
933 2567 1214 2618 dominusque
1239 2571 1358 2604 terrae

1612 705 1662 742 10

1609 1085 1663 1112 20

1609 1457 1663 1496 24

1609 1816 1662 1854 28
