1940 2910
731 185 832 209 ODAS
859 186 910 209 DE
937 186 1119 209 HORACIO

390 421 480 456 Aut
513 418 553 455 in
589 417 797 456 umbrosis
831 418 1049 456 Heliconis
1082 420 1178 464 oris,

390 493 480 528 Aut
513 503 637 541 super
662 490 800 528 Pindo
834 491 1025 541 gelidove
1057 492 1098 530 in
1133 493 1317 531 Haemo?

388 568 514 606 Unde
549 567 733 606 vocalem
768 573 921 606 temere
954 569 1149 607 insecutae

686 641 855 693 Orphea
887 641 1015 687 silvae,

389 791 493 827 Arte
519 791 702 827 materna
735 790 901 841 rapidos
927 798 1158 829 morantem

389 863 628 901 Fluminam
661 864 814 914 lapsus,
842 865 1077 916 celeresque
1110 872 1275 911 ventos;

388 938 597 976 Blandum
631 944 671 976 et
703 939 854 977 amitas
887 937 1040 977 fidibus
1073 940 1232 978 canoris

685 1014 866 1052 Duceret
906 1027 1095 1065 quercuS.

389 1160 503 1210 Quid
536 1162 650 1212 prins
684 1162 816 1199 dicam
852 1162 983 1200 solitis
1018 1164 1206 1201 Parentis

389 1231 619 1277 Laudibus,
654 1233 725 1283 qui
759 1246 821 1271 res
854 1233 1072 1272 hominum
1107 1247 1151 1272 ac
1184 1235 1386 1281 Deorum,

389 1306 481 1356 Que
508 1319 619 1345 mare
652 1320 697 1345 ac
732 1314 857 1345 terras
890 1309 1087 1360 variisqui
1119 1309 1322 1347 mundum

687 1383 914 1433 Temperat
946 1382 1085 1420 horis?

388 1530 515 1568 Unde
550 1530 605 1567 nil
639 1530 772 1581 majus
805 1538 1019 1580 generator
1051 1532 1156 1582 ipso,

389 1606 490 1642 Non
524 1605 635 1655 viget
667 1605 898 1656 quidquam
934 1606 1067 1644 simile
1093 1612 1163 1644 aut
1189 1608 1437 1646 secundum:

389 1679 610 1717 Proximos
636 1679 709 1716 illii
742 1686 880 1717 tamen
914 1681 1129 1731 occupavit

687 1753 824 1791 Pallas
856 1753 1050 1792 honores.

389 1901 554 1940 Proeliis
587 1901 734 1947 audax,
770 1914 905 1953 neque
938 1908 976 1940 te
1010 1902 1154 1948 silebo,

388 1974 526 2021 Liber,
561 1982 602 2013 et
634 1976 755 2013 saevis
787 1976 952 2014 inimica
984 1976 1098 2026 virgo

388 2049 558 2095 Belluis,
595 2063 669 2088 nec
702 2059 754 2094 te,
789 2051 1011 2089 metuende
1044 2053 1152 2089 certa

684 2123 847 2162 Phoebe
881 2124 1044 2174 sagitta.

389 2262 534 2308 Dicam
569 2278 610 2309 et
641 2271 820 2310 Alciden
853 2285 1089 2324 pue1osque
1122 2272 1263 2318 Ledae,

390 2345 515 2383 Hunc
548 2346 678 2396 equis,
714 2346 829 2384 illum
865 2360 1057 2398 superare
1089 2347 1239 2398 pugnis

387 2421 616 2466 Nobilem;
650 2435 827 2473 quorum
862 2423 985 2461 simul
1017 2423 1110 2462 alba
1142 2424 1276 2462 nautis

685 2497 811 2535 Stella
844 2497 1015 2544 refulsit,

1609 644 1630 681 ΓᾸ)

1586 1395 1598 1421 1
1611 1385 1634 1421 (J)

1578 2498 1628 2536 28
