1940 2910
301 193 388 228 194
729 191 832 216 ODAS
872 192 925 216 DE
956 190 1140 216 HORACIO

402 426 567 478 Saepius
598 425 733 464 ventis
765 425 943 476 agitatur
972 425 1122 476 ingens

402 501 548 547 Pinus,
581 506 623 539 et
653 500 774 539 celsae
806 499 993 550 graviore
1025 511 1124 537 casu

402 574 615 614 Decidunt
646 579 791 620 turres,
825 573 1062 624 feriuntque
1095 585 1285 612 summos

700 647 899 686 Fulmina
930 652 1110 686 montes.
1597 654 1650 682 12

404 798 553 849 Sperat
582 796 756 843 infestis,
791 795 940 834 metuit
972 794 1166 834 secundis
1220 831 1224 833 .

403 871 595 910 Alteram
629 876 783 909 sortem
815 870 924 908 bene
954 874 1235 921 praeparatum

401 947 568 985 Pectus.
602 945 810 984 Informes
840 943 1000 982 hiemes
1031 943 1191 982 reducit

695 1018 904 1071 Juppiter,
936 1018 1049 1056 idem
1600 1013 1654 1053 16

403 1168 664 1207 Summovet.
697 1167 814 1214 Non,
849 1166 883 1205 si
914 1166 1022 1204 male
1053 1178 1175 1212 nunc,
1209 1170 1250 1203 et
1281 1164 1382 1203 olim

403 1242 472 1281 Sic
502 1242 598 1280 erit:
633 1242 863 1293 quomdam
896 1240 1052 1279 cithara
1083 1245 1289 1278 tacentem

401 1316 582 1356 Suscitat
612 1317 795 1362 Musam,
830 1327 967 1366 neque
999 1327 1164 1366 semper
1195 1325 1335 1352 arcum

700 1389 856 1428 Tendjt
887 1389 1062 1441 Apollo.
1598 1396 1653 1424 20

402 1538 555 1577 Rebus
588 1537 773 1588 angustis
805 1537 1018 1575 animosus
1050 1541 1176 1587 atque

401 1611 573 1650 Forthis
605 1624 780 1664 appare:
815 1611 1022 1663 sapienter
1052 1610 1165 1649 idem

403 1685 635 1726 Contrahes
667 1692 793 1724 vento
825 1685 1002 1724 nimium
1037 1684 1222 1724 secundo

698 1759 883 1811 Turgida
915 1759 1021 1800 vela.
1596 1768 1652 1808 24

627 2030 1151 2082 ANOTACIONES

283 2348 379 2388 Oda
409 2349 476 2390 X.
512 2349 608 2388 Lib.
642 2350 825 2389 11.-A
849 2349 1236 2388 L1C1N10.—Esta
1278 2360 1322 2387 es
1368 2360 1451 2386 una
1493 2346 1546 2386 de
1588 2346 1652 2387 las

222 2423 326 2461 odas
367 2423 419 2461 de
460 2423 646 2463 Horacio
687 2437 768 2476 que
808 2425 898 2463 mas
939 2423 994 2462 ha
1032 2423 1256 2475 ejercitado
1287 2422 1326 2461 la
1356 2421 1566 2474 paciencia
1596 2421 1650 2461 de

222 2496 286 2535 los
318 2496 574 2536 traductores
606 2498 842 2550 espafioles.
877 2499 940 2536 La
979 2499 1069 2536 mas
1111 2497 1291 2549 antigua,
1325 2509 1370 2536 es
1393 2495 1430 2535 la
1461 2495 1514 2535 de
1537 2496 1651 2548 Fray
