1940 2910
383 227 473 272 364

823 236 931 260 ›ODAS
955 236 1010 260 DE
1034 235 1219 260 HORACIO

489 472 587 524 Quo
619 470 725 510 nihil
756 470 894 522 majus
926 467 1129 509 meliusve
1162 470 1280 510 terris

487 546 595 584 Fata
626 545 835 584 donavere
868 544 1056 596 bonique
1088 544 1203 591 Divi,

490 620 583 659 Nec
615 619 788 665 dabunt,
823 618 1016 670 quemvis
1048 618 1219 658 redeant
1249 618 1292 657 in
1325 632 1471 658 aurum

728 693 941 746 Tempora
971 692 1168 745 priscum.

492 841 700 880 Concines
730 840 935 893 laetosque
966 841 1056 880 dies
1087 846 1129 880 et
1159 841 1291 880 Urbis

492 915 714 954 Publicum
748 915 895 953 ludum
921 928 1046 967 super
1077 915 1301 967 impetrato

491 988 633 1027 Fortis
665 988 852 1039 Augusti
883 989 1033 1036 reditu,
1067 989 1292 1042 forumque

729 1062 897 1102 Litibus
930 1063 1095 1104 orbum.

491 1213 603 1252 Turn
635 1226 742 1252 meae
775 1209 938 1267 (siquid
970 1211 1121 1263 loquar
1151 1209 1448 1268 audiemdum)

492 1287 624 1327 Vocis
655 1287 822 1326 accedet
851 1286 964 1324 bona
995 1298 1111 1337 pars;
1145 1291 1205 1325 et:
1239 1286 1306 1325 «O
1339 1287 1413 1326 Sol

494 1360 694 1400 Pulcher!
728 1374 753 1400 ο
786 1359 1043 1399 laudande!»
1074 1373 1232 1407 canam,
1260 1367 1426 1413 recepto

733 1434 899 1474 Caesare
929 1434 1042 1473 felix.

492 1582 652 1635 Teque,
687 1582 788 1621 dum
821 1581 1022 1634 procedit,
1056 1582 1106 1620 Io
1137 1581 1424 1635 Thriumphe!

493 1657 597 1695 Non
622 1657 751 1696 semel
783 1657 990 1695 dicemus:
1023 1656 1074 1694 Io
1105 1655 1360 1709 Thriumpe!

495 1731 652 1771 Civitas
685 1732 836 1778 omnis,
870 1731 1149 1783 dabimusque
1180 1732 1303 1771 Divis

730 1806 845 1844 Tura
875 1806 1084 1857 benignis.

492 1955 555 1992 Te
586 1953 730 1993 decem
763 1960 904 1993 taurus
936 1954 1197 2006 totidemque
1228 1967 1353 2002 vacae,

493 2029 568 2067 Me
601 2034 717 2067 tener
748 2028 883 2067 solvet
914 2028 1070 2067 vitulus
1103 2028 1242 2067 relictii

493 2103 631 2142 Matre
664 2102 736 2154 qui
768 2103 891 2154 largis
918 2102 1153 2154 juvenescit
1184 2101 1325 2142 herbis

729 2177 781 2214 In
813 2189 907 2215 mea
922 2183 1048 2237 jota.

492 2324 655 2363 Fronte
685 2323 878 2363 curvatos
909 2324 1096 2363 imitatus
1128 2325 1247 2376 ignes

492 2398 682 2437 Tertium
715 2397 825 2436 lunae
857 2398 1071 2438 referentis
1103 2406 1254 2446 ortum,

490 2472 589 2523 Qua
618 2478 761 2511 notam
795 2472 926 2519 duxit,
961 2472 1108 2511 niveus
1140 2473 1304 2520 videre,

731 2545 879 2586 Cetera
909 2546 1061 2586 fulvus.

1680 705 1738 745 40

1682 1077 1739 1116 44

1683 2545 1742 2584 60
