1940 2910
831 223 932 247 ODAS
959 224 1010 247 DE
1036 223 1220 249 HORACIO

490 457 569 495 Dis
602 462 642 496 te
674 457 879 496 minorem
913 458 1029 510 quod
1060 459 1180 510 geris,
1214 461 1417 512 imperas:

490 531 604 569 Hinc
635 544 761 569 omne
795 531 1059 584 principium,
1094 533 1175 572 huc
1206 535 1313 574 refer
1343 535 1517 577 exitum.

606 605 665 643 Di
697 607 829 645 multa
859 607 1037 657 neglecti
1068 607 1276 648 dederunt

665 681 889 732 Hesperiae
921 682 1030 720 mala
1061 682 1274 722 luctuosae.

482 828 579 878 Jam
613 829 678 868 bis
710 831 924 869 Monaeses
957 836 997 870 et
1028 832 1176 870 Pacori
1209 845 1356 873 manus

488 903 591 941 Non
623 903 857 955 auspicatos
889 905 1079 944 contudit
1109 906 1290 958 impetus

606 979 802 1023 Nostros,
837 985 879 1018 et
909 979 1110 1031 adjecisse
1141 981 1332 1032 praedum

665 1053 908 1104 Torquibus
940 1053 1100 1104 exiguis
1133 1055 1307 1094 renidet.

488 1199 621 1238 Peene
653 1207 895 1252 occupatam
929 1202 1205 1241 seditionibus

487 1273 657 1311 Delevit
687 1274 833 1313 urbem
859 1275 999 1313 Dacus
1032 1282 1073 1314 et
1105 1275 1324 1328 AEffiiops,

608 1347 691 1385 Hic
726 1348 855 1387 classe
887 1349 1150 1403 formidatus,
1183 1350 1252 1389 ille

663 1421 899 1460 Missilibus
932 1423 1082 1461 melior
1113 1424 1286 1474 sagittis.

486 1568 685 1606 Fecunda
717 1569 851 1620 culpae
884 1571 1033 1609 saecula
1065 1571 1232 1623 nuptias

486 1643 677 1681 Primum
710 1643 980 1695 inquinavere
1012 1652 1053 1684 et
1084 1659 1215 1697 genus
1247 1652 1288 1685 et
1319 1646 1471 1686 domos
1482 1661 1492 1693 ;

605 1717 703 1755 Hoc
735 1718 850 1756 sonte
881 1718 1066 1757 derivata
1096 1719 1233 1758 clades

664 1791 714 1829 In
747 1791 923 1843 patriam
955 1792 1246 1845 populumque
1278 1792 1416 1832 fluxit.

485 1939 631 1977 Motus
664 1939 803 1978 doceri
834 1941 987 1991 gaudet
1018 1941 1184 1980 Ionicos

484 2013 652 2051 Matura
683 2013 812 2065 virgo,
847 2021 888 2053 et
919 2013 1087 2066 fingitur
1118 2016 1319 2061 cestibus;

597 2087 694 2138 Jam
727 2101 839 2126 nunc
871 2096 912 2127 et
941 2089 1122 2128 incestos
1146 2102 1309 2129 amores

662 2162 729 2201 De
762 2168 904 2202 tenero
937 2163 1161 2202 meditatur
1191 2164 1336 2214 ungui.

484 2310 589 2349 Mox
619 2309 807 2361 juniores
840 2310 991 2362 quaerit
1023 2309 1233 2349 adulteros

483 2383 600 2422 Inter
631 2384 768 2423 mariti
799 2384 918 2429 vina;
952 2397 1090 2436 neque
1121 2385 1234 2436 eligit
1272 2384 1274 2387 ’

603 2456 682 2496 Cui
715 2457 857 2495 donna
887 2457 1152 2509 impermissa
1184 2458 1335 2509 raptim

663 2532 838 2578 Gaudia,
873 2531 1101 2571 luminibus
1133 2532 1324 2578 remotis;

1683 1066 1733 1093 12

1683 1425 1734 1463 16

1678 1805 1732 1833 20

1677 2174 1732 2214 24

1676 2530 1729 2569 28
