1940 2910
342 194 430 228 280
786 204 887 228 onas
913 204 965 228 m:
990 203 1175 228 nomem

444 440 538 478 Vos
570 439 662 478 lene
693 440 913 478 consilium
945 445 986 478 et
1018 439 1138 486 datis,
1172 445 1214 479 et
1246 441 1345 479 dato

445 513 661 562 Gaudetis,
694 514 829 552 almae.
863 514 1027 553 Scimus
1058 520 1104 552 ut
1135 514 1290 566 impios

561 587 732 626 Titanas
764 588 1077 639 immanemque
1110 593 1291 626 turmam

620 661 817 701 Fulmine
849 662 1061 700 sustulerit
1091 662 1259 708 caduco,

444 810 528 861 Qui
560 816 709 849 terram
742 811 930 856 inertem,
966 810 1038 862 qui
1070 823 1183 849 mare
1215 815 1420 863 temperat

441 885 696 931 Ventosum,
730 891 770 924 et
803 885 926 923 urbes
959 897 1170 936 regnaque
1203 885 1336 924 tristia

559 959 780 1010 Divosque
813 959 1092 1010 mortalesque
1130 959 1272 999 turbas

619 1034 804 1085 Imperio
840 1034 944 1084 regit
975 1046 1083 1072 unus
1117 1046 1255 1086 aequo.

441 1182 644 1233 Magnum
677 1182 747 1220 illa
779 1188 977 1221 terrorem
1009 1182 1206 1222 intulerat
1232 1184 1331 1234 Jovi

440 1256 597 1295 Fidens
625 1257 824 1308 juventus
857 1256 1025 1294 horrida
1056 1255 1247 1303 brachiis,

557 1332 807 1382 Fratresque
841 1331 1058 1370 tendentes
1091 1344 1223 1382 opaco

617 1406 765 1444 Pelion
797 1405 1053 1457 imposuisse
1088 1405 1275 1458 Olimpo.

438 1554 521 1592 Sed
555 1553 655 1605 quid
689 1552 919 1605 Typhoeus
952 1559 993 1592 et
1025 1554 1187 1593 validus
1220 1555 1418 1602 Mimas,-

436 1631 527 1666 Aut
559 1627 660 1679 quid
695 1628 845 1665 minaci
878 1627 1144 1679 Porphyrion
1178 1635 1299 1677 statu,

555 1701 668 1753 Quid
701 1701 911 1748 Rhoetus,
945 1702 1183 1754 evulsisque
1215 1704 1368 1743 truncis

613 1774 849 1813 Enceladus
877 1775 1081 1826 jaculator
1111 1778 1261 1817 audax.

435 1922 591 1962 Contra
623 1929 839 1962 sonantem
875 1924 1058 1963 Palladis
1091 1925 1224 1976 aegida

432 1997 615 2036 Possent
645 1998 837 2036 ruentes?
873 1999 986 2037 Hinc
1017 1999 1164 2039 avidus
1198 2001 1311 2040 stetit

550 2072 788 2118 Vulcanus;
822 2071 918 2111 hinc
950 2079 1140 2112 matrona
1175 2075 1306 2126 Juno,
1340 2082 1381 2115 et

610 2146 841 2198 Nunquam
874 2146 1059 2186 humeris
1091 2149 1303 2200 positurus
1335 2164 1495 2199 arcum,

432 2293 515 2344 Qui
549 2305 639 2332 rore
672 2306 777 2345 puro
812 2294 1023 2335 Castzeliae
1057 2295 1157 2335 lavit

432 2367 578 2406 Crines
613 2368 785 2414 solutos,
821 2369 892 2420 qui
925 2370 1067 2422 Licyae
1100 2376 1212 2409 tenet

552 2441 733 2479 Dumeta
766 2442 1030 2495 natalemque
1063 2445 1225 2490 silvam,

608 2515 756 2554 Delius
789 2522 829 2555 et
861 2518 1060 2557 Patareus
1093 2519 1267 2571 Apollo.

1633 677 1690 715 44

1632 1421 1652 1462 υι

1664 1422 1684 1449 Ν

1623 2152 1679 2192 Go
