1940 2910
342 220 428 254 292
789 220 890 244 ODAS
915 221 968 244 DE
994 221 1176 245 HORACIO

448 456 600 494 Fertur
631 455 794 507 pudicae
827 455 1017 507 conjugis
1050 455 1239 494 osculum

446 531 692 581 Parvosque
724 535 859 576 natos,
893 536 939 568 ut
970 530 1114 582 capitis
1147 530 1296 574 minor,

568 604 642 643 Ab
676 617 719 643 se
751 604 996 656 removisse,
1030 610 1071 643 et
1103 604 1262 643 virilem

627 679 793 717 Torvus
825 678 944 717 humi
976 679 1169 731 posuisse
1204 680 1380 727 vultum,
1640 692 1695 731 44

447 829 595 866 Donec
627 827 816 866 labantes
849 828 1025 867 consilio
1059 828 1206 866 Patres

446 902 655 941 Firmaret
687 908 828 940 auctor
859 915 1075 954 nunquam
1109 903 1209 942 alias
1243 903 1354 950 dato,

567 977 766 1027 Interque
799 983 1024 1015 moerentes
1056 977 1212 1015 amicos

625 1050 831 1101 Egregius
863 1058 1103 1103 properaret
1133 1041 1264 1090 exsul.
1641 1050 1694 1101 48

447 1198 583 1250 Atqui
615 1198 771 1237 sciebat
803 1212 898 1250 quae
931 1199 1010 1238 sibi
1043 1200 1243 1239 barbarus

445 1275 600 1312 Tortor
631 1280 815 1325 pararet;
851 1287 934 1312 non
967 1275 1086 1312 aliter
1118 1282 1257 1313 tamen

565 1348 760 1386 Dimovit
793 1347 1007 1386 obstantes
1039 1349 1315 1400 propinquos,

623 1423 681 1460 Et
713 1422 917 1474 populum
950 1422 1107 1461 reditus
1140 1430 1386 1469 morantem,
1645 1431 1696 1474 52

447 1570 570 1621 Quan
604 1569 637 1608 si
670 1569 865 1608 clientum
900 1570 1023 1621 longa
1056 1571 1221 1621 negotia

446 1644 686 1696 Dijudieata
717 1644 786 1682 lite
819 1644 1081 1696 relinqueret,

565 1718 732 1757 Tendes
765 1718 1028 1757 Venefranos
1060 1719 1101 1757 in
1135 1732 1255 1770 agros

624 1795 716 1831 Aut
747 1793 1116 1831 Lacedaemonium
1153 1794 1395 1832 Tarentum.
1640 1791 1694 1844 56

716 2073 1237 2124 ANOTACIONES

327 2383 421 2422 Oda
454 2384 511 2422 V.
546 2383 676 2422 Libro
710 2383 1229 2424 III.—R12:GULO.—L.
1265 2385 1315 2423 L.
1349 2385 1402 2423 de
1444 2385 1694 2436 Argensola,

265 2456 363 2494 hizo
397 2457 448 2496 de
474 2463 561 2496 esta
588 2458 667 2496 oda
692 2471 774 2496 una
800 2458 1051 2505 traduceibn,
1080 2472 1161 2510 que
1186 2459 1249 2497 los
1274 2459 1448 2498 mismos
1474 2459 1694 2511 espafioles

265 2529 449 2570 calificati
491 2532 542 2570 de
584 2532 960 2584 p0b1·isima.—El
992 2533 1145 2584 tragico
1185 2533 1371 2585 espafiol,
1412 2534 1471 2572 N.
1513 2533 1692 2572 Alvarez

1898 546 1919 721 fflssssxtffi
1908 520 1911 525 Α

1897 2304 1930 2337 ,ρ
