1940 2910
360 190 447 225 332

805 197 906 224 onAs
930 197 984 222 DE
1009 197 1194 222 HORACIO

463 435 708 484 Antequam
741 436 897 470 stantes
929 435 1090 482 repetat
1121 430 1296 482 paludes

461 506 670 546 Imbrium
703 505 845 544 divina
877 505 966 543 avis
997 504 1292 556 inminentfim,

465 581 662 621 Oscinem
695 593 864 620 corvum
898 592 1020 632 prece
1052 579 1262 619 suscitabo

701 654 812 693 Solis
843 653 896 692 ab
929 659 1035 692 ortu.

464 803 531 842 Sis
561 802 657 841 licet
688 802 799 849 felix,
833 801 1087 853 ubicumque
1119 801 1264 848 mavis,

465 878 523 916 Et
553 889 717 915 memor
748 875 892 923 nostri,
928 875 1113 921 Galatea,
1148 875 1278 922 vivas,

461 952 610 1003 Teque
641 963 716 989 nec
748 949 879 988 laevus
910 955 1023 988 vetet
1052 949 1111 988 ire
1145 949 1262 1001 picus

701 1025 794 1064 Nec
824 1037 929 1075 vaga
959 1024 1117 1062 cornix.

462 1173 546 1213 Sed
577 1173 696 1212 vides
729 1178 887 1225 quanto
913 1172 1093 1224 trepidet
1124 1171 1310 1211 tumultu

461 1249 627 1286 Pronus
660 1247 809 1287 Orion.
845 1248 939 1298 Ego
973 1247 1075 1298 quid
1108 1246 1161 1285 sit
1192 1252 1280 1285 ater

461 1322 609 1361 Adriae
641 1322 740 1360 novi
772 1322 900 1367 sinus,
935 1327 976 1360 et
1008 1321 1111 1372 quid
1144 1321 1264 1360 albus

703 1395 852 1432 Peccet
882 1393 1018 1446 Iapix.

464 1542 668 1582 Hostium
701 1555 852 1581 uxores
884 1541 1087 1594 puerique
1120 1554 1253 1580 caecos

464 1618 656 1657 Sentiant
686 1623 827 1655 motus
859 1617 1030 1655 orientis
1062 1617 1224 1664 Austri,
1260 1622 1302 1655 et

463 1691 672 1744 AEquoris
704 1691 832 1742 nigris
864 1691 1089 1738 fremitum,
1123 1697 1165 1730 et
1196 1695 1422 1730 trementes

701 1766 890 1804 Verbere
921 1765 1047 1817 ripas.

464 1914 533 1954 Sic
564 1920 606 1953 et
636 1915 808 1966 Europe
840 1913 1008 1953 niveum
1041 1913 1192 1952 doloso

463 1988 652 2028 Credidit
683 1994 801 2027 tauro
833 1987 953 2034 latus,
987 1993 1029 2026 et
1061 1993 1288 2026 scatentem

460 2063 618 2102 Belluis
650 2068 829 2114 pontum
863 2062 1108 2113 mediasque
1141 2061 1309 2101 fraudes

699 2137 859 2177 Palluit
890 2138 1040 2177 audax.

460 2287 612 2340 Nuper
643 2286 685 2325 in
718 2286 848 2338 pratis
881 2286 1071 2325 studiosa
1102 2285 1266 2332 florum,
1300 2291 1342 2324 et

460 2361 632 2399 Debitae
663 2359 870 2412 Nimphis
901 2360 1043 2412 opifex
1075 2373 1257 2407 coronae,

461 2435 599 2474 Nocte
630 2434 845 2484 sublustri,
880 2433 984 2472 nihil
1015 2441 1123 2474 astra
1154 2440 1307 2486 praeter

702 2508 822 2547 Vidit
855 2513 897 2546 et
927 2508 1074 2548 undas.

1661 1023 1713 1061 16

1658 1403 1714 1431 20

1657 1775 1711 1815 24

1657 2136 1711 2175 28
