1940 2910
715 179 815 204 ODAS
842 180 893 203 DE
923 179 1106 204 HORACIO

376 415 606 465 Nunquam
641 413 867 458 dimoveas,
901 417 947 450 ut
979 411 1093 451 trabe
1119 412 1273 464 Cypria

376 489 593 540 Myrtoum
626 487 803 538 pavidus
835 492 960 524 nauta
992 492 1102 524 secet
1136 500 1262 526 mare.

373 563 623 600 Luctantem
657 560 797 598 Icariis
823 559 1016 598 fluctibus
1040 559 1230 598 Africum

373 637 583 674 Mercator
608 642 811 680 metuens,
846 634 979 672 otium
1011 639 1053 672 et
1077 634 1223 686 oppidi

370 783 534 822 Laudat
565 796 657 820 rura
690 782 774 821 sui:
808 795 907 820 mox
938 781 1068 821 reficit
1092 788 1198 821 rates

371 858 568 908 Quassas,
601 856 791 895 indocilis
824 856 1072 908 pauperium
1105 857 1204 908 pati.

369 934 449 971 Est
481 932 553 983 qui
585 945 659 970 nec
691 932 841 970 veteris
873 931 1023 983 pocula
1054 931 1236 977 Massici,

367 1008 460 1046 Nec
493 1012 654 1058 partem
689 1006 825 1045 solido
859 1006 1026 1044 demere
1058 1005 1110 1044 de
1143 1006 1210 1044 die

366 1148 553 1207 Spernit;
588 1167 696 1193 nunc
729 1154 851 1193 viridi
883 1154 1072 1193 membra
1104 1154 1181 1192 sub
1213 1153 1361 1193 arbuto

365 1230 540 1276 Stratus,
576 1242 684 1268 nunc
715 1229 768 1267 ad
800 1241 921 1280 aquae
953 1229 1045 1268 lene
1077 1234 1200 1280 caput
1232 1240 1370 1267 sacrae.

364 1303 525 1342 Multos
557 1309 687 1342 castra
714 1303 875 1355 juvant,
909 1309 950 1342 et
981 1303 1085 1341 lituo
1116 1302 1230 1341 tubae

367 1378 604 1417 Permixtus
638 1378 812 1425 sonitus,
846 1378 1040 1429 bellaque
1072 1378 1274 1417 matribus

365 1526 593 1564 Detestata.
628 1527 775 1565 Manet
808 1526 885 1564 sub
917 1526 1023 1577 Jove
1055 1526 1204 1578 frigido

363 1603 565 1646 Venator,
600 1610 753 1642 tenerae
785 1604 973 1655 conjugis
1005 1603 1224 1650 inmemor,

362 1677 444 1715 Seu
477 1677 565 1715 visa
597 1684 660 1716 est
691 1678 835 1716 catulis
866 1691 985 1716 cerva
1016 1678 1223 1725 fidelibus,

361 1750 445 1790 Seu
477 1752 589 1803 rupit
621 1758 770 1791 teretes
803 1753 970 1791 Marsus
1003 1766 1102 1806 aper
1133 1754 1288 1806 plagas.

359 1899 432 1937 Me
465 1899 679 1938 doctarum
713 1899 881 1939 hederae
914 1902 1086 1953 praemia
1117 1902 1315 1941 frontium

361 1973 438 2012 Dis
472 1974 647 2014 miscent
679 1976 859 2027 superis,
894 1989 960 2015 me
993 1977 1176 2028 gelidum
1209 1991 1356 2018 nemus

357 2035 730 2100 Nimpharhmque
762 2050 874 2088 leves
906 2063 1001 2089 cum
1033 2051 1191 2103 Satyris
1226 2051 1341 2091 chori

361 2121 612 2161 Sescernunt
643 2124 822 2176 populo,
857 2125 891 2164 si
924 2139 1058 2177 neque
1091 2127 1213 2166 tibias

356 2268 540 2320 Euterpe
573 2269 759 2317 cohibet,
796 2285 847 2311 ne
879 2271 1161 2325 Polyhymnia

357 2341 569 2380 Lesboum
603 2344 752 2395 refugit
784 2347 952 2386 tendere
984 2348 1190 2387 barbiton.

356 2415 481 2465 Quod
514 2417 547 2455 si
580 2430 646 2456 me
678 2418 813 2470 lyricis
845 2422 1009 2460 vatibus
1040 2423 1207 2470 inseres,

354 2488 533 2528 Sublimi
565 2491 706 2531 feriam
740 2494 873 2534 sidera
905 2496 1066 2536 vertice.

1567 634 1616 673 16

1559 1016 1612 1044 20

1555 1391 1607 1431 24

1544 2140 1597 2179 32
