1940 2910
290 191 378 216 220

732 189 833 214 ODAS
869 190 924 214 DE
961 190 1144 215 HORACIO

394 423 509 476 Quid
539 423 656 463 brevi
688 424 816 463 fortes
845 423 1077 476 jaculamur
1110 439 1202 466 aevo

393 498 561 537 Multa?
593 498 697 550 quid
729 504 857 537 terras
889 498 971 537 alio
1004 499 1184 539 calentes

393 572 494 612 Sole
518 573 757 611 mutamus?
790 571 936 624 patriae
968 573 1063 624 quis
1095 574 1191 613 exul

634 648 689 687 Se
721 660 892 700 quoque
923 646 1057 699 fugit?

395 796 568 835 Scandit
599 801 744 834 aeratas
776 796 928 837 vitiosa
958 809 1086 835 naves

398 870 520 918 Cura,
554 883 630 908 nec
663 875 820 909 turmas
852 872 1042 924 equitum
1075 870 1287 922 relinquit,

399 944 526 983 Ocior
558 944 702 991 cervis,
736 950 778 983 et
809 951 957 996 agente
988 945 1156 984 nimbos

638 1018 764 1057 Ocior
795 1020 925 1058 Euro.

398 1167 543 1205 Laetus
568 1166 611 1205 in
643 1179 829 1218 praesens
861 1167 1037 1213 animus,
1065 1166 1181 1218 quod
1213 1166 1319 1205 ultra
1353 1172 1418 1206 est

401 1240 552 1279 Oderit
584 1254 738 1287 curare,
772 1247 814 1280 et
843 1254 982 1279 amara
1013 1240 1127 1279 lento

397 1315 623 1367 Temperet
654 1316 761 1353 risu:
795 1314 898 1353 nihil
930 1320 993 1354 est
1023 1315 1076 1353 ab
1108 1315 1224 1354 omni

635 1390 759 1428 Parte
791 1389 975 1428 beatum.

399 1536 592 1576 Abstulit
622 1537 776 1575 clarum
809 1537 889 1575 cita
920 1549 1033 1575 mors
1058 1535 1290 1575 Achillem:

398 1611 547 1662 Longa
578 1610 811 1650 Thitonum
845 1611 995 1649 minuit
1027 1616 1237 1656 senectus3

398 1686 456 1724 Et
486 1684 591 1724 mihi
622 1685 775 1732 forsan,
802 1685 879 1724 tibi
911 1685 1027 1737 quod
1059 1685 1229 1736 negarit,

636 1759 849 1811 Prorriget
880 1759 996 1798 hora.

399 1908 462 1946 Te
493 1919 636 1958 greges
668 1913 847 1955 centum,
882 1908 1118 1961 Siculaeque
1149 1906 1301 1946 circum

398 1982 598 2033 Mugiunt
621 1995 775 2028 vaccae3
809 1982 885 2021 tibi
917 1983 1026 2022 tollit
1049 1982 1260 2021 hinnitum

398 2059 516 2109 Apta
547 2057 760 2109 quadrigis
784 2069 913 2108 equa;
939 2063 980 2096 te
1005 2057 1069 2096 bis
1093 2057 1202 2096 Afro

636 2131 798 2170 Murice
831 2131 983 2171 tinctae.

398 2279 601 2318 Vestiunt
631 2279 758 2318 lanae:
792 2277 897 2317 mihi
928 2292 1057 2331 parva
1088 2293 1198 2326 rura,
1231 2285 1274 2319 et

399 2353 603 2405 Spiritum
629 2353 767 2393 Graiae
799 2359 966 2392 tenuem
1002 2354 1201 2394 Camenae

399 2428 530 2466 Parca
561 2440 647 2467 non
679 2428 860 2466 mendax
891 2427 1020 2475 dedit,
1055 2428 1094 2467 el
1125 2427 1355 2479 malignum

639 2501 844 2553 Spernere
875 2501 1038 2553 vulgus.

1592 659 1651 687 20

1594 1387 1652 1426 28

1591 2512 1651 2551 40
