1940 2910
355 181 446 225 334

743 196 746 198 ’
801 190 902 216 ΟΒΑΞ
927 191 980 215 DE
1005 190 1189 215 HORACIO
1237 195 1240 197 '

461 424 568 475 Quae
602 423 726 462 simul
758 428 924 463 centum
957 424 1094 476 tetigit
1124 429 1342 476 potentem

460 497 643 549 Oppidis
677 497 850 552 Creten:
884 499 1050 545 «Pater,
1083 511 1109 536 0
1141 498 1329 537 relictum

460 572 584 611 Filiae
616 585 772 611 nomen
803 572 1035 624 pietasque,
1070 573 1189 620 dixit,

698 646 825 686 Victa
854 645 1016 686 furore!

463 793 618 833 «Unde
650 795 735 846 quo
766 794 889 834 veni?
921 794 1028 833 Levi
1057 808 1141 833 una
1172 807 1286 834 mors
1318 800 1382 834 est

463 869 690 920 Virginum
723 870 870 922 culpae.
905 870 1154 921 Vigilansne
1186 870 1307 922 ploro

465 945 609 996 Turpe
640 945 927 992 commissum,
959 940 1013 983 an
1044 945 1157 984 vitiis
1189 951 1396 984 carentem

703 1019 834 1058 Ludit
863 1019 1003 1070 imago

466 1167 631 1217 «Vana,
665 1179 761 1219 quae
793 1169 914 1219 porti
944 1167 1106 1219 fugiens
1137 1168 1297 1207 eburna

466 1241 687 1280 Somnium
720 1242 858 1281 ducit?
891 1242 1102 1281 Meliusne
1132 1241 1280 1281 fluctus

466 1315 533 1354 Ire
565 1297 640 1367 per
670 1315 819 1366 longos
851 1315 940 1361 fuit,
974 1328 1026 1354 an
1058 1322 1243 1354 recentes

707 1388 887 1440 Carpere
919 1387 1075 1427 flores?

471 1535 543 1575 «Si
575 1536 668 1588 quis
700 1535 899 1576 infamem
931 1535 1036 1575 mihi
1067 1549 1176 1576 nunc
1204 1536 1430 1588 juvencum

470 1611 612 1650 Dedat
643 1611 772 1657 iratae,
806 1611 982 1651 lacerare
1014 1611 1122 1650 ferro
1154 1616 1196 1650 et

470 1687 680 1738 Frangere
711 1686 843 1737 enitar
874 1685 1003 1724 modo
1035 1685 1213 1725 multum
1246 1684 1373 1724 amati

709 1760 877 1800 Cornua
909 1760 1099 1799 monstri.

473 1909 733 1961 «Impudens
765 1908 868 1960 liqui
900 1907 1058 1961 patrios
1089 1908 1270 1947 Penates
1281 1920 1291 1954 ;

470 1984 705 2036 Impudens
738 1983 892 2023 Orcom
925 1981 1087 2022 moror!
1123 1982 1161 2022 O
1186 1983 1377 2021 Deorum

471 2058 517 2098 Si
548 2058 642 2110 quis
673 2057 764 2096 haec
794 2057 927 2103 audis,
960 2057 1121 2096 utinam
1153 2056 1260 2096 inter
1292 2068 1427 2095 errem

708 2132 838 2171 Nuda
869 2129 1034 2170 leones!

472 2283 728 2332 «Antequan
761 2278 893 2331 turpis
924 2278 1076 2317 macies
1109 2278 1303 2316 decentes

473 2355 660 2406 Occupet
691 2353 835 2405 malas,
869 2358 1106 2403 teneraeque
1138 2363 1309 2390 succus·

472 2427 644 2468 Defluat
675 2427 843 2481 praedae‚
878 2426 1067 2478 speciosa
1098 2437 1243 2478 quaero

710 2504 886 2542 Pascere
918 2501 1059 2552 tigres.

1654 1028 1714 1068 40

1658 1398 1715 1438 44

1664 2135 1719 2178 52
