1940 2910
877 198 978 224 ODAS
1002 199 1056 224 DE
1082 199 1266 224 HORACIO

535 433 789 485 Inutilisque
821 432 923 473 false
956 446 1095 473 ramos
1126 439 1380 486 amputans,·

713 507 939 547 Feliciores
973 509 1129 548 inserit.

536 584 627 621 Aut
657 593 801 634 pressa
831 582 946 634 puris
978 582 1103 621 mella
1133 582 1276 621 condit
1306 581 1538 636 amphoris,

719 659 811 696 Aut
842 656 978 696 tondit
1007 655 1194 696 infirmas
1226 669 1347 704 oves;

541 805 638 853 Vel,
673 818 804 860 quum
837 805 1033 844 decorum
1067 805 1240 844 mitibus
1272 804 1412 857 pomis
1444 810 1569 858 caput

718 883 966 920 Autumnus
998 880 1106 918 arvis
1138 879 1304 933 emulis,

542 955 603 994 Ut
633 955 786 1006 gaudet
816 955 983 993 insitiva
1014 955 1240 1006 decerpens
1272 953 1373 1005 pira,

719 1029 958 1069 Certantem
990 1034 1032 1067 et
1062 1041 1186 1067 uvam
1219 1039 1429 1080 purpurae,

540 1176 634 1227 Qua
665 1183 906 1216 muneretur
938 1183 989 1222 te,
1024 1177 1189 1229 Priape,
1224 1182 1266 1215 et
1297 1182 1350 1221 te,
1385 1181 1502 1228 pater

717 1252 897 1298 Silvane,
933 1258 1044 1290 tutor
1076 1249 1243 1289 finium!

543 1325 667 1364 Libet
694 1325 830 1377 jacere
862 1326 991 1364 modo
1023 1325 1102 1364 sub
1134 1325 1303 1376 antigua
1334 1324 1439 1371 ilice,

721 1400 857 1438 Modo
888 1400 931 1438 in
964 1399 1096 1439 tenaci
1127 1399 1340 1449 gramine3

545 1547 765 1587 Labuntur
795 1547 888 1586 altis
920 1546 1085 1586 interim
1118 1546 1219 1598 ripis
1253 1558 1396 1598 aquae,

726 1621 967 1673 Queruntur
997 1622 1040 1660 in
1073 1621 1188 1660 silvis
1221 1633 1331 1667 aves,

546 1695 791 1747 Fontesque
823 1694 994 1747 limphis
1027 1695 1276 1747 obstrepunt
1307 1695 1574 1734 manantibus

725 1769 906 1808 Somnos
940 1769 1055 1820 quod
1086 1769 1235 1808 invitet
1268 1768 1394 1807 leves.

547 1920 620 1965 At,
655 1930 784 1969 quum
818 1917 1001 1956 tonantis
1033 1930 1166 1955 annus
1190 1915 1391 1955 hibernus
1419 1914 1542 1968 Jovis

725 1991 889 2030 Imbres
922 1991 1123 2043 nivesque
1155 1998 1384 2043 comparat,

547 2069 638 2106 Aut
670 2067 799 2105 trudit
831 2079 942 2105 acres
974 2065 1071 2104 hinc
1102 2070 1144 2104 et
1174 2064 1271 2103 hinc
1302 2064 1435 2103 multa
1466 2076 1567 2103 cane

725 2144 868 2193 Apros
900 2141 942 2179 in
975 2141 1191 2179 obstantes
1223 2139 1381 2191 plagas,

547 2292 638 2328 Aut
669 2289 795 2328 amite
826 2288 921 2327 laevi
953 2301 1042 2326 rara
1073 2286 1208 2326 tendit
1240 2285 1355 2333 retia,

728 2363 882 2402 Turdis
917 2362 1114 2402 edacibus
1147 2360 1281 2406 dolos,

555 2438 849 2489 Pavidumque
877 2437 1062 2489 leporem
1096 2442 1137 2474 et
1161 2434 1363 2473 advenam
1389 2433 1540 2485 laqueo
1564 2444 1707 2483 gruem

730 2511 924 2563 Jucunda
963 2515 1100 2562 captat
1131 2508 1302 2560 premia.

1736 654 1789 692 16

1735 1034 1793 1062 20

1738 1405 1793 1444 24

1739 1764 1794 1803 28

1739 2146 1794 2185 32
