1940 2910
331 166 341 189 1
365 164 416 198 14
772 161 873 186 ODAS
898 162 951 185 DE
978 161 1162 186 HORACIO

871 447 1072 499 Archyta

256 619 418 659 Occidit
449 623 490 657 et
521 617 693 669 Pelopis
724 617 898 668 genitor,
932 617 1108 656 conviva
1139 618 1348 662 Deorum余

492 690 787 742 Thitonusque
819 695 1003 729 remotus
1036 690 1077 728 in
1111 703 1244 737 auras,

256 768 312 809 Et
338 765 459 818 Jovis
491 765 647 803 arcanis
679 765 824 803 Minos
856 764 1088 810 admissus余
1121 763 1362 815 habentque

493 839 666 876 Tartara
696 836 978 884 Panthoiden,
1012 837 1162 876 iterum
1196 836 1306 876 Orco

257 913 516 962 Demissum,
550 912 754 964 quamvis,
789 913 936 963 clypeo
968 911 1151 963 Trojana
1181 910 1310 950 refixo

494 987 706 1038 Tempora
737 992 923 1033 testatus,
957 985 1061 1024 nihil
1092 985 1199 1024 ultra

257 1063 425 1101 Nervos
457 1067 582 1113 atque
613 1067 749 1100 cutem
782 1061 906 1099 morti
937 1066 1195 1099 concesserat
1225 1065 1338 1106 atrae,

489 1135 639 1187 Judice
671 1141 723 1182 te,
758 1148 842 1173 nou
876 1135 1071 1173 sordidus
1103 1140 1244 1173 auctor

257 1211 433 1249 Naturae
465 1210 653 1261 verique.

703 1357 787 1396 Sed
819 1369 966 1395 omnes
998 1369 1081 1394 una
1111 1362 1252 1394 manet
1284 1368 1368 1394 nox

494 1433 532 1470 E
565 1431 758 1470 calcanda
789 1431 919 1470 semel
951 1431 1019 1468 via
1050 1430 1137 1469 leti.

258 1508 373 1545 Dant
404 1507 506 1545 alios
538 1507 575 1544 F
578 1507 679 1545 uriae
711 1513 831 1545 torvo
864 1505 1096 1557 spectacula
1127 1504 1279 1550 Marti3

495 1581 638 1619 Exitio
670 1587 732 1619 est
764 1580 932 1618 avidum
966 1593 1078 1618 mare
1111 1579 1269 1624 nautis余

258 1654 394 1693 Mixta
426 1667 574 1694 senum
606 1667 651 1692 ac
678 1654 881 1706 juvenum
915 1653 1140 1692 densentur
1172 1653 1336 1691 funera:
1370 1651 1530 1690 nullum

498 1728 619 1767 Saeva
650 1733 774 1780 caput
804 1727 1057 1779 Proserpina
1087 1727 1206 1777 fugit.

258 1803 331 1841 Me
364 1804 534 1854 quoque
565 1802 714 1841 devexi
746 1802 916 1854 rapidus
949 1814 1088 1840 comes
1123 1800 1293 1840 Orionis

495 1876 672 1928 Illyricis
703 1877 847 1914 Notus
879 1876 1019 1914 obruit
1051 1875 1189 1914 undis.

260 2026 321 2062 At
353 2030 409 2070 tu,
444 2029 580 2069 nauta,
614 2036 731 2062 vacrae
763 2036 816 2062 ne
848 2036 969 2075 parce
1001 2022 1207 2074 malignus
1240 2034 1378 2061 arenae

496 2055 692 2136 Ossibuszp
707 2104 748 2136 et
778 2098 904 2149 capiti
935 2096 1155 2135 inhumato

259 2173 509 2211 Particulam
541 2173 652 2211 dare.
686 2173 765 2219 Sic,
800 2173 1098 2224 quodcumque
1130 2172 1357 2210 minabitur
1387 2171 1526 2209 Eurus

495 2247 714 2286 Fluctibus
747 2247 983 2299 Hesperiis,
1017 2246 1251 2285 Venusinae

259 2319 498 2359 Plectantur
530 2321 658 2368 silvae,
693 2327 733 2360 te
766 2321 945 2372 sospite余
980 2320 1196 2371 multaque
1229 2331 1397 2365 merces,

497 2395 625 2434 Unde
657 2401 809 2446 potest,
844 2394 919 2433 tibi
952 2393 1108 2432 defluat
1140 2405 1263 2444 aequo

259 2469 332 2508 Ad
360 2470 480 2520 Jove,
513 2469 802 2520 Neptunoque
835 2468 949 2515 sacri,
983 2467 1145 2506 custodi
1178 2466 1361 2505 Tarenti.

1631 1578 1684 1615 18

1629 2104 1687 2144 24
