1940 2910
333 176 346 200 1
364 163 418 199 38
775 170 877 194 ODAS
903 170 955 194 DE
982 169 1164 194 nomano

437 407 499 444 Te
531 405 673 443 Dacus
704 415 838 456 asper,
872 408 913 442 te
944 402 1111 455 profugi
1141 400 1305 454 Scyhae,

436 484 676 535 Urbesque‚
711 489 954 534 gentesque,
990 488 1032 521 et
1061 481 1230 520 Latium
1261 481 1393 527 ferox,

615 557 875 607 Regumque
906 560 1059 594 matres
1089 554 1374 600 barbarorum,
1407 557 1449 591 et
1479 545 1484 547 ’

618 630 827 682 Purpurei
857 634 1051 668 metuunt
1080 628 1256 681 tyranni,
1370 650 1376 657 ·
1632 636 1682 664 12

440 778 653 831 Injurioso
685 791 738 817 ne
773 777 882 830 pede
912 789 1086 829 proruas

440 851 632 891 Stantem
663 851 915 897 columnam,
951 863 1032 889 neu
1063 848 1246 901 populus
1276 847 1473 900 frequens

619 925 694 964 Ad
726 938 841 963 arma
871 930 1093 971 cessantes,
1126 923 1180 962 ad
1211 936 1326 961 arma

622 999 828 1044 Concitet,
862 999 1172 1051 imperiumque
1203 998 1376 1049 frangat.
1639 995 1689 1033 16

442 1149 509 1187 Te
542 1161 708 1200 semper
738 1148 868 1187 anteit
899 1160 1010 1186 saeva
1041 1146 1294 1192 Necessitas,

446 1222 601 1261 Clavos
634 1221 814 1260 trabales
845 1228 887 1260 et
917 1234 1072 1266 cuneos
1103 1233 1231 1258 manu

624 1294 803 1354 Gestaris
833 1294 990 1340 ahena;
1024 1307 1099 1332 nec
1131 1306 1298 1332 severus

623 1370 771 1408 Uncus
803 1369 922 1408 abest
954 1367 1248 1420 liquidumque
1279 1366 1529 1419 plumbum,
1639 1375 1693 1402 20

445 1518 508 1556 Te
539 1517 661 1570 Spes,
695 1523 738 1556 et
767 1517 864 1556 albo
896 1530 985 1555 rara
1015 1515 1144 1554 Fides
1175 1514 1273 1554 colit

447 1591 601 1630 Velata
632 1604 788 1643 panno,
822 1603 898 1630 nec
929 1589 1125 1629 comitem
1156 1589 1347 1640 abnegat,

625 1669 870 1719 Utcumque
902 1668 1061 1705 mutata
1092 1671 1284 1718 potentes

626 1744 762 1782 Veste
794 1742 946 1780 domos
977 1740 1145 1779 inimica
1175 1739 1343 1791 linquis.
1639 1747 1694 1787 24

446 1895 511 1932 At
542 1891 693 1942 vulgus
725 1889 916 1936 infidum,
950 1894 992 1928 et
1022 1888 1219 1928 meretrix
1249 1893 1359 1926 retro

447 1964 625 2016 Perjura
657 1965 790 2010 cedit;
825 1963 1051 2014 diffugiunt
1081 1963 1193 2001 cadis

629 2038 739 2088 Cum
770 2039 873 2077 faece
905 2037 1063 2077 siccatis
1095 2036 1228 2082 amici,

627 2113 757 2152 Ferre
784 2113 933 2165 jugum
967 2111 1119 2164 pariter
1149 2109 1299 2149 dolosi.
1642 2105 1694 2144 28

450 2263 602 2303 Serves
633 2261 790 2300 iturum
823 2260 1033 2300 Caesarem
1066 2259 1110 2298 in
1141 2257 1314 2297 ultimos

450 2335 579 2375 Orbis
610 2335 850 2381 Britannos,
885 2339 926 2373 et
953 2334 1158 2386 juvenum
1190 2343 1330 2370 recens

628 2410 834 2460 Examen,
867 2408 971 2447 Eois
1002 2407 1236 2446 timendum

630 2483 839 2529 Partibus,
874 2482 1128 2533 Oceanoque
1158 2480 1298 2519 rubro.
1644 2485 1698 2526 32
