1940 2910
835 604 995 647 ODE
1047 606 1192 646 XVI

581 812 670 851 AD
723 811 1042 852 POPL‘LL‘M
1094 812 1333 852 ROMAN
1346 814 1441 854 L‘M

392 968 538 1007 Altera
566 968 653 1020 jam
687 969 830 1008 teritur
862 969 982 1008 bellis
1014 969 1205 1008 civilibus
1239 977 1339 1009 aetas

512 1043 607 1082 Suis
639 1050 681 1082 et
711 1043 802 1095 ipsa
834 1045 979 1082 Roma
1011 1043 1169 1083 viribus
1202 1045 1308 1083 ruit:

395 1117 531 1168 Quam
563 1130 699 1168 neque
731 1116 898 1156 finitimi
930 1118 1148 1156 valuerunt
1179 1119 1352 1170 perdere
1385 1119 1530 1166 Marsi,

510 1191 689 1230 Minasci
721 1197 791 1230 aut
823 1193 999 1230 Etrusca
1031 1193 1230 1231 Porsenae
1263 1206 1425 1240 manus,

393 1265 571 1303 AEmula
602 1278 676 1303 nec
707 1265 837 1304 virtus
871 1266 1040 1317 Capuae,
1075 1279 1149 1304 nec
1180 1266 1401 1317 Spartacus
1434 1280 1538 1314 acer,

512 1340 736 1391 Nobisque
767 1340 891 1378 rebus
923 1339 1103 1378 infidelis
1136 1340 1359 1386 Allobrox,

394 1415 486 1452 Nec
518 1414 602 1452 fera
633 1413 806 1452 caerulea
837 1413 1001 1452 domuit
1033 1414 1255 1453 Germania
1287 1415 1417 1466 pube,

512 1491 845 1542 Parentibusque
877 1491 1140 1530 abominatus
1172 1492 1374 1530 Annibal.
1706 1492 1735 1530 8

394 1624 534 1676 Impia
564 1624 788 1675 perdemus
821 1624 963 1662 devoti
995 1624 1185 1675 sanguini
1219 1631 1331 1672 aetas,

513 1698 718 1750 Ferisque
750 1711 890 1737 rursus
923 1699 1194 1749 occupabitur
1226 1699 1384 1738 solum.

393 1774 601 1812 Barbarus
632 1772 727 1812 heu!
761 1773 917 1812 cineres
949 1773 1123 1812 insisted
1155 1773 1298 1820 victor,
1332 1779 1373 1812 et
1405 1774 1566 1813 Urbem

513 1848 658 1898 Eques
690 1847 855 1885 sonanti
886 1847 1123 1885 verberabit
1155 1847 1329 1898 ungula;

397 1921 587 1972 Quaeque
619 1927 757 1960 carent
788 1921 923 1959 ventis
955 1927 996 1960 et
1028 1921 1199 1967 solibus,
1234 1934 1329 1960 ossa
1362 1921 1541 1972 Quirini,

514 1995 648 2034 Nefas
681 1994 841 2033 videre!
877 1994 1100 2046 dissipabit
1130 1995 1330 2033 insolens.
1678 2005 1737 2044 14

395 2129 522 2166 Forte
548 2128 650 2180 quid
675 2128 872 2179 expediat
895 2127 1176 2166 communiter
1199 2133 1269 2166 aut
1294 2127 1442 2166 melior
1467 2141 1563 2179 pars

514 2202 640 2241 Malis
672 2215 808 2241 carere
841 2202 1026 2254 quaeritis
1060 2202 1295 2240 laboribus:

394 2276 524 2315 Nulla
556 2277 608 2315 sit
639 2276 716 2314 hac
747 2276 886 2328 potior
918 2276 1122 2315 sententia
1154 2275 1447 2314 Phocaeorum.

515 2351 644 2390 Velut
675 2350 859 2402 profugit
891 2356 1099 2389 exsecrata
1130 2350 1273 2388 civitas

394 2427 534 2476 Agros
566 2431 691 2476 atque
723 2425 850 2463 Lares
883 2424 1051 2475 patrios,
1085 2423 1396 2475 habitandaque
1430 2423 1525 2461 fana

517 2499 649 2551 Apris
683 2499 849 2550 reliquit
881 2505 921 2537 et
951 2498 1168 2550 rapacibus
1201 2498 1327 2550 lupis.
1677 2507 1737 2534 20

1912 2259 1932 2292 Οἱ
