1940 2910
343 206 431 241 316
674 234 680 240 .
788 216 889 241 ODAS
915 217 967 241 DE
994 217 1176 242 HORACIO

447 450 595 501 «Quae,
628 450 744 490 velut
774 457 906 490 nactae
937 451 1092 490 vitulos
1123 451 1282 498 leaenae,

448 525 659 576 Sfflgulus,
692 525 819 565 eheu!
852 526 1052 566 lacevant.
1085 527 1179 578 Ego
1210 527 1293 566 illis

446 600 619 639 Mollior
650 614 726 639 nec
758 607 798 639 te
828 601 972 640 feriam
1006 614 1146 653 neque
1179 601 1286 640 intra

718 675 911 714 Claustra
942 675 1110 715 tenebo.
1251 732 1262 746 x
1638 687 1695 725 44

450 824 551 861 «Me
582 828 700 874 pater
733 823 855 862 saevis
888 829 1033 862 oneret
1063 824 1233 875 catenis,

450 897 577 947 Quod
607 896 697 935 viro
729 896 931 936 clemente
962 897 1117 936 misero
1149 898 1335 950 peperci3

447 971 522 1010 Me
553 971 619 1009 vel
651 977 860 1010 extremos
892 972 1176 1011 Numidarum
1208 972 1251 1010 in
1277 985 1398 1023 agros

688 1045 849 1085 Classet
880 1046 1046 1097 releget.
1638 1043 1695 1095 48

448 1194 508 1241 «Ι,
542 1195 671 1246 pedes
704 1196 790 1247 quo
821 1201 861 1234 te
893 1196 1059 1246 rapiunt
1090 1200 1132 1233 et
1162 1207 1312 1242 aureae,

447 1270 547 1307 Dun
579 1269 691 1308 favet
723 1283 806 1308 nox
831 1277 872 1308 et
904 1270 1066 1316 Venus,
1099 1270 1114 1308 i
1146 1270 1329 1308 secundo

448 1341 615 1389 Omine,
649 1348 690 1381 et
720 1344 854 1380 nostri
885 1356 1115 1382 memorem
1149 1344 1338 1395 sepulcro

686 1416 833 1468 Scalpe
865 1417 1118 1468 querelam.»
1639 1429 1694 1470 52

671 1705 1193 1756 ANOTACIONES

327 1999 421 2038 Oda
467 2001 554 2039 XI.
607 2001 703 2040 Lib.
752 1992 962 2042 111.—A
1005 2004 1502 2055 mmmmm—«exo
1550 2005 1696 2044 estaba

266 2072 479 2124 inspirado
511 2075 675 2125 Bfirgos
707 2075 869 2114 cuando
902 2076 1033 2115 vertio
1065 2077 1103 2115 el
1135 2077 1342 2115 Mercuri
1365 2083 1513 2116 namte
1526 2077 1567 2116 ἓ»
1600 2090 1694 2130 pre·

267 2158 394 2201 gunta
426 2153 664 2191 Menendez
696 2154 853 2205 Pelayo
886 2168 936 2193 en
971 2168 1020 2194 su
1051 2156 1267 2195 «Horacio
1299 2157 1542 2208 Espafiol»;
1579 2170 1605 2208 y
1638 2169 1689 2196 en

263 2226 298 2264 el
333 2226 509 2277 prologo
541 2228 565 2264 έι
597 2228 710 2267 ‘sLas
735 2228 851 2267 Odas
883 2229 936 2268 de
970 2230 1155 2268 Horacio
1188 2231 1424 2270 traducidas
1458 2244 1536 2283 por
1568 2231 1682 2283 inge-

267 2303 358 2340 nios
404 2302 671 2353 espafioles»,
725 2316 770 2342 se
817 2305 1026 2356 responde
1076 2307 1099 2343 εἰ
1131 2306 1164 2344 si
1214 2306 1390 2345 mismo:
1439 2307 1694 2346 «Poniendo

265 2375 387 2414 sobre
420 2376 477 2414 mi
508 2376 658 2415 cabeza
690 2377 862 2428 algunas
894 2379 1182 2418 traducciones
1206 2380 1259 2419 de
1279 2381 1460 2432 Bsmgos,
1495 2381 1692 2433 especial-

266 2456 405 2488 mente
437 2449 497 2489 las
540 2463 621 2502 que
652 2450 750 2490 hizo
782 2465 833 2491 en
867 2465 1010 2492 versos
1042 2452 1206 2504 szificos,
1261 2455 1339 2494 dos
1371 2456 1397 2494 ό
1429 2460 1511 2494 tres
1543 2455 1596 2494 de
1628 2455 1690 2494 las

266 2523 403 2562 cuales
437 2522 500 2575 (V.
533 2538 575 2576 g.
611 2524 648 2563 el
681 2525 1072 2581 Alere-urinamte‘)
1105 2533 1232 2579 tengo
1263 2527 1383 2567 hasta
1413 2541 1491 2580 por
1523 2529 1696 2581 insupe-
