1940 2910
359 218 447 252 290

805 216 906 240 ODAS
931 217 984 240 DE
1010 216 1194 240 HORACIO

463 453 509 492 Si
540 465 624 492 non
657 451 809 503 periret
839 451 1151 490 immiserabilis

465 526 642 578 Captiva
673 526 827 577 pubes:
862 525 1023 576 «Signa
1054 538 1132 576 ego
1165 525 1335 564 Punicis

583 599 726 638 Affixa
757 599 941 638 delubris
974 605 1015 638 et
1045 612 1160 637 arma

641 674 851 712 Militibus
884 673 972 712 sine
1003 673 1130 720 caede,
1163 673 1281 720 dixit,

466 822 679 873 «Derepta
710 822 820 867 vidi3
855 821 950 860 vide
981 834 1060 872 ego
1091 821 1243 859 civium

466 897 644 934 Retorta
679 902 795 946 tergo
828 895 999 933 brachia
1029 895 1176 941 libero,

583 971 817 1021 Portasque
849 983 934 1008 non
966 970 1139 1016 clausas,
1173 974 1215 1008 et
1245 983 1343 1008 arva

643 1045 779 1082 Marte
811 1043 890 1082 coli
922 1043 1125 1096 populata
1157 1050 1314 1082 nostro.

466 1194 614 1230 «Auro
646 1204 846 1243 repensus
879 1191 1031 1230 scilicet
1062 1192 1193 1230 acrior

465 1266 591 1304 Miles
623 1265 803 1304 redibit?
836 1265 1020 1316 Flagitio
1053 1265 1207 1304 additis

583 1340 822 1378 Damnum:
857 1352 994 1390 neque
1026 1340 1204 1378 amissos
1236 1340 1395 1378 colores

641 1413 758 1450 Lana
789 1412 912 1451 refert
943 1413 1149 1451 medicata
1179 1413 1287 1460 fuco,

465 1562 557 1600 Nec
589 1573 685 1599 vera
716 1560 859 1607 virtus,
882 1568 1024 1612 'quum
1059 1560 1188 1599 semel
1220 1561 1388 1608 excidit,

467 1635 577 1675 Cura
609 1635 755 1686 reponi
788 1635 1080 1674 deterioribus.

584 1709 628 1748 Si
661 1722 801 1761 pugna
832 1709 1028 1748 extricata
1060 1709 1200 1748 densis

644 1783 777 1822 Cerva
808 1783 955 1836 plagis,
984 1784 1061 1822 erit
1090 1783 1160 1822 ille
1191 1783 1324 1830 fortis,

466 1931 549 1982 Qui
581 1929 752 1982 perfidis
785 1944 829 1970 se
861 1931 1037 1970 credidit
1068 1930 1283 1977 hostibus;

461 2007 522 2044 Et
553 2006 690 2044 Marte
721 2006 881 2044 Poenos
913 2011 1099 2057 proteret
1129 2005 1274 2053 altero,

585 2079 668 2131 Qui
700 2079 787 2117 lora
820 2079 1018 2118 restrictis
1051 2079 1212 2118 lacertis

644 2153 784 2193 Sensit
814 2153 938 2207 iners,
972 2153 1196 2205 timuitque
1228 2159 1423 2193 mortem.

465 2300 594 2348 «Hic,
628 2300 740 2339 unde
773 2300 900 2340 vitam
933 2306 1116 2340 sumeret
1146 2300 1314 2348 inscius,

464 2375 616 2413 Pacem
651 2374 791 2413 duello
823 2374 1006 2413 miscuit.
1041 2374 1079 2413 O
1112 2373 1275 2426 pudor!

585 2448 623 2488 O
657 2461 808 2499 magna
839 2447 1063 2499 Carthago,
1098 2448 1295 2500 probosis

643 2521 780 2561 Altior
810 2521 943 2561 Italiae
975 2522 1159 2561 ruinisl»

1661 1053 1715 1094 24

1659 1412 1714 1451 28

1653 2531 1713 2572 40
