1940 2910
830 213 932 238 ODAS
956 215 1009 239 DE
1037 216 1219 241 HORACIO

488 447 594 498 Quis
620 460 716 494 ,non
747 447 964 496 malarum,
999 462 1103 502 quas
1136 463 1254 490 amor
1284 463 1402 490 curas
1433 449 1573 499 habet,

665 522 775 561 Haec
806 522 915 562 inter
945 523 1231 564 obliviscitur?

487 595 615 646 Quod
647 596 682 643 si
714 596 866 648 pudica
897 597 1048 637 mulier
1078 598 1120 637 in
1153 605 1312 651 partem
1341 598 1461 651 juvet

666 670 856 709 Domum
889 676 1014 724 atque
1047 671 1188 711 dulces
1221 672 1388 719 liberos,

485 816 643 856 Sabina
675 818 810 870 qualis
843 824 914 858 aut
945 824 1113 872 perusta
1145 819 1303 858 solibus

666 893 855 931 Pernieis
881 906 988 932 uxor
1018 893 1165 947 Apuli,

487 965 658 1005 Sacrum
691 967 866 1006 vetustis
898 963 1082 1006 exstruat
1113 967 1235 1018 lignis
1267 968 1406 1008 focum

666 1041 790 1080 Lassi
822 1041 900 1080 sub
933 1041 1161 1080 adventum
1194 1042 1284 1089 viri,

486 1189 784 1241 claudensque
817 1189 940 1228 textis
972 1189 1152 1228 cratibus
1185 1190 1328 1229 laetum
1361 1202 1501 1243 pecus,

664 1264 860 1303 Distenta
892 1264 1015 1303 siccet
1047 1265 1188 1315 ubera,

485 1341 543 1380 Et
574 1338 708 1378 horna
739 1339 850 1378 dulci
882 1339 979 1378 vina
1011 1352 1209 1392 promens
1242 1339 1356 1378 dolio

665 1414 809 1466 Dapes
843 1413 1050 1466 inemptas
1082 1420 1274 1466 apparet:

486 1562 589 1600 Non
623 1574 691 1600 me
723 1561 905 1600 Lucrina
933 1560 1118 1612 juverint
1147 1560 1366 1613 conchylia

665 1635 858 1686 Magisve
890 1634 1095 1674 rhombus
1126 1641 1198 1673 aut
1229 1636 1344 1682 scari,

486 1711 532 1751 Si
565 1724 672 1764 quos
706 1711 809 1750 Eois
842 1711 1031 1749 intonata
1063 1710 1257 1749 fluctibus

665 1785 819 1824 Hiems
851 1785 903 1823 ad
935 1783 1015 1823 hoc
1048 1790 1179 1823 vertat
1212 1797 1344 1830 mare3

486 1934 589 1972 Non
614 1933 699 1972 afra
730 1932 817 1971 avis
843 1932 1067 1971 descendat
1099 1932 1139 1971 in
1176 1939 1363 1971 ventrem
1395 1945 1551 1979 meum,

664 2008 766 2046 Non
800 2012 965 2057 attagen
994 2006 1168 2058 Jonicus

479 2081 717 2133 Jucundiur
748 2082 874 2132 quam
907 2081 1010 2119 lecta
1035 2080 1087 2119 de
1118 2080 1406 2132 pinguissimis

665 2155 789 2194 Oliva
821 2155 944 2193 ramis
977 2155 1187 2201 arborum,

485 2306 576 2342 Aut
606 2301 736 2341 herba
770 2301 927 2354 lapathi
960 2307 1079 2354 prata
1111 2302 1301 2348 amantis,
1335 2308 1376 2342 et
1406 2302 1520 2354 gravi

661 2377 817 2416 Malvae
850 2377 1034 2416 salubres
1067 2378 1240 2428 corpori,

486 2450 571 2490 Vel
603 2464 708 2502 agna
740 2451 856 2489 sestis
889 2463 994 2489 caesa
1027 2450 1351 2497 Terminalibus,

665 2524 750 2563 Vel
783 2523 935 2564 hoedus
969 2531 1135 2577 ereptus
1169 2524 1283 2576 lupo.

1675 682 1732 722 40

1676 1054 1732 1092 44

1677 1794 1729 1836 52

1674 2521 1731 2560 60
