1940 2910
843 212 946 238 onAs
970 213 1024 238 DE
1049 212 1232 238 HORACIO

501 449 661 488 Videre
692 447 863 488 Rhaetis
894 448 1004 488 bella
1036 449 1114 488 sub
1147 449 1335 502 Alpibus

502 525 712 563 Drussum
745 530 954 575 gerentem
991 524 1232 571 Vindelice;
1248 548 1302 553 —-
1318 522 1498 580 (quibus

622 598 721 635 Mos
752 596 864 635 unde
896 597 1099 636 deductus
1131 610 1205 649 per
1236 610 1361 648 omne

681 673 870 724 Tempus
902 672 1139 711 Amazonia
1170 673 1303 712 securi

504 820 664 858 Dextra
695 820 897 867 obarmet,
921 832 1119 872 'quaerere
1155 820 1310 867 distuli,

503 895 597 933 Nec
629 894 731 933 scire
763 895 824 933 fas
856 900 919 933 est
951 895 1298 942 omnia;)-sed
1331 895 1404 934 diu

623 969 811 1020 Lateque
843 969 1019 1008 victricis
1051 975 1240 1016 catervae,

682 1047 880 1086 Conciliis
908 1047 1075 1099 juvenis
1107 1049 1285 1096 revictae,

504 1196 680 1236 Sensere
711 1196 814 1247 quid
846 1209 965 1236 mens
998 1196 1087 1243 rite,
1121 1197 1224 1248 quid
1256 1197 1420 1236 indoles

503 1269 674 1307 Nutrita
704 1268 850 1307 faustis
883 1269 960 1307 sub
993 1269 1276 1321 penetrabilus

623 1342 787 1388 Posset,
822 1341 923 1393 quid
955 1342 1138 1394 Augusti
1171 1348 1366 1394 paternus

681 1417 731 1454 In
765 1430 917 1468 pueros
949 1418 1112 1456 animus
1145 1418 1352 1456 Nerones.

505 1565 654 1603 Fortes
685 1571 874 1604 creantur
906 1565 1083 1604 fortibus
1114 1572 1155 1604 et
1189 1566 1332 1612 bonis;

505 1641 583 1678 Est
615 1640 656 1677 in
685 1640 887 1691 juvencis,
921 1646 983 1679 est
1015 1640 1056 1678 in
1090 1641 1208 1692 equis
1242 1647 1406 1692 patrum

625 1713 773 1751 Virtus
806 1726 942 1764 neque
975 1713 1171 1752 inbellem
1206 1713 1363 1752 seroces

681 1786 964 1836 Progenerant
995 1787 1147 1838 aquilae
1179 1787 1436 1824 columbam:

506 1934 704 1972 Doctrina
736 1934 808 1972 sed
841 1934 925 1972 vim
960 1940 1179 1986 promovet
1210 1934 1391 1977 insitam,

505 2010 714 2061 Rectique
746 2010 880 2048 cultus
913 2016 1079 2061 pectora
1111 2010 1335 2048 roborant:

562 2084 804 2134 Utcumque
836 2084 1021 2122 defecere
1054 2097 1204 2129 mores,

623 2158 887 2196 Dedecorant
919 2158 1026 2196 bene
1059 2164 1154 2196 nata
1185 2157 1333 2209 culpae.

504 2306 617 2357 Quid
650 2306 818 2352 debeas,
851 2319 877 2344 o
910 2307 1066 2350 Roma,
1102 2305 1355 2350 Nerobanis,

503 2381 642 2419 Testis
676 2381 913 2418 Mataururn
948 2379 1116 2425 flumen,
1150 2387 1191 2418 et
1223 2379 1437 2418 Asdrubal

623 2455 840 2505 Debictus,
874 2462 914 2493 et
946 2454 1113 2506 palcher
1144 2455 1294 2504 fugatis

683 2529 760 2568 Ille
792 2529 880 2568 dies
914 2529 1036 2568 Latio
1067 2529 1261 2575 tenebris,

1687 669 1750 712 '20

1695 1056 1749 1099 24

1696 1416 1748 1455 28

1693 1796 1747 1836 32

1691 2537 1747 2579 40
