1940 2910
363 168 372 191 1
392 156 446 191 28
805 163 906 188 ans
933 164 986 187 m:
1013 163 1194 188 HoaAcm

284 401 497 453 pretaci6n
529 399 768 450 mitolbgica
798 412 824 450 y
858 397 1164 450 epigramatica,
1197 411 1252 437 no
1284 397 1339 437 ha
1384 398 1477 438 sido
1516 397 1711 437 sefialada

283 489 362 527 por
394 475 582 526 ninguno
627 473 680 512 de
727 473 790 511 los
827 473 1145 511 comentadores
1193 473 1246 512 de
1293 472 1493 512 Horacio.
1545 473 1710 523 Bfirgos

284 550 426 601 diluye
459 555 546 589 este
595 549 807 600 sugestivo
855 547 1032 586 nombre
1074 560 1126 585 en
1174 547 1251 586 dos
1299 559 1454 594 versos,
1485 555 1582 585 'con
1628 559 1710 597 que

284 630 441 663 remata
473 636 522 663 su
554 623 817 662 traduccibn:

700 726 743 763 Y
775 725 984 764 Mercurio
1016 725 1228 764 elocuente

704 801 766 839 Te
798 801 929 852 szgran
960 799 999 838 al
1031 799 1146 838 altar.

348 915 415 951 En
447 913 486 951 la
518 912 756 951 traduccidn
790 911 956 950 italiana
987 911 1040 949 de
1073 909 1284 960 Gargullo,
1319 921 1363 947 se
1407 908 1497 947 dice
1544 907 1712 959 simple·

287 995 448 1026 mente:
483 988 583 1026 «E'l
611 986 724 1038 figlio
750 1000 773 1025 a
805 987 961 1025 Maia».
1007 983 1203 1036 Bianqui,
1229 996 1311 1034 que
1343 983 1382 1021 la
1412 981 1466 1020 ha
1496 982 1713 1021 traducido

289 1061 487 1100 violando
521 1074 570 1100 su
601 1066 799 1112 precepto
842 1060 893 1098 de
933 1058 1099 1097 versic'm
1149 1057 1294 1104 literal,
1334 1057 1373 1095 la
1419 1055 1628 1108 desfigura
1659 1069 1711 1095 en

750 1521 932 1563 ODE
986 1523 1257 1563 XXXII

816 1708 905 1747 AD
956 1708 1186 1748 LYRAM

469 1880 705 1919 Poscimus.
740 1880 785 1919 Si
818 1880 920 1931 quid
953 1881 1069 1918 vacui
1102 1880 1179 1918 sub
1212 1880 1360 1918 umbra

470 1954 669 1992 Lusimus
702 1960 852 2000 tecum,
887 1954 1004 2005 quod
1035 1960 1078 1992 et
1107 1953 1218 1992 hunc
1249 1954 1290 1992 in
1322 1967 1476 1992 annum

470 2027 601 2066 Vivat
631 2034 673 2066 et
703 2027 856 2078 plures,
891 2040 978 2078 age,
1013 2027 1078 2065 dic
1109 2027 1321 2079 Latinum,

646 2101 828 2148 Barbste,
855 2115 1033 2154 carmen,
1690 2114 1715 2151 4

471 2250 626 2288 Lesbio
660 2249 845 2301 primum
872 2250 1086 2289 modulate
1119 2250 1209 2297 civi,

470 2324 554 2375 Qui
587 2323 703 2362 ferox
735 2323 860 2370 bello,
901 2329 1038 2363 tamen
1073 2325 1180 2363 inter
1210 2337 1335 2372 arma,

470 2397 590 2436 Sirve
618 2397 813 2447 jactatam
845 2397 1037 2449 religarat
1069 2398 1153 2437 udo

650 2471 810 2510 Littore
837 2471 991 2518 navim,
1478 2497 1484 2502 -
1689 2471 1712 2509 8
