1940 2910
296 185 379 210 110
732 183 832 208 ODAS
869 184 923 207 DE
960 182 1143 207 HORACIO

394 420 513 458 Pone
545 431 613 457 me
645 418 775 470 pigris
808 419 902 457 ubis
936 419 1048 457 nulla
1081 420 1238 471 campis

395 494 539 533 Arbor
571 493 714 531 aestiva
745 499 949 532 recreatur
981 495 1091 540 aura,

399 567 525 619 Quod
556 567 662 605 latus
695 568 841 606 mundi
874 568 1039 606 nebulae
1073 568 1291 619 malusque

631 641 798 693 Jupiter
829 647 968 692 urget3
1590 651 1645 678 20

402 791 520 829 Pone
553 789 631 828 sub
663 802 782 827 curru
815 789 990 828 nimium
1023 789 1251 841 propinqui

401 864 524 911 Solis,
558 864 600 902 in
634 864 740 902 terra
771 863 968 902 domibus
1002 865 1168 914 negata:

402 938 535 977 Dulce
566 937 770 976 ridentem
803 938 986 988 Lalagen
1020 938 1184 985 amabo,

640 1010 775 1049 Dulce
808 1011 1072 1062 loquentem.
1596 1019 1651 1058 24

685 1384 1206 1436 ANOTACIONES

291 1804 385 1844 Oda
415 1803 577 1842 XXII.
612 1802 706 1840 Lib.
740 1801 957 1840 I.—T1·es
990 1799 1273 1838 traducciones
1305 1798 1546 1837 castellanas
1571 1797 1652 1849 hay

230 1880 282 1918 de
314 1885 401 1918 esta
432 1878 535 1916 oda:
569 1877 608 1915 la
639 1889 722 1915 una
752 1875 805 1914 de
838 1874 1038 1925 Villegas,
1074 1873 1112 1912 la
1144 1879 1232 1912 otra
1265 1873 1317 1912 de
1350 1872 1523 1911 Nicolas
1557 1873 1653 1910 Mo-

230 1954 348 2000 ratin,
392 1966 418 2004 y
458 1965 540 1991 una
577 1951 724 1989 ultima
767 1949 819 1988 de
859 1950 1037 1999 Burgos.
1079 1947 1316 1986 Menendez
1348 1960 1375 1998 y
1409 1946 1568 1998 Pelayo
1602 1946 1655 1983 da

230 2028 379 2067 noticia
411 2028 463 2066 de
495 2033 583 2066 otra
614 2025 666 2064 de
701 2025 879 2071 Pombo,
913 2024 965 2062 de
997 2023 1036 2061 la
1067 2022 1156 2061 cual
1184 2022 1274 2061 solo
1304 2021 1384 2061 cita
1417 2022 1454 2060 la
1475 2021 1659 2073 primera

229 2101 394 2148 estrofa‚
428 2100 496 2139 fiel
529 2113 579 2139 en
613 2105 742 2152 parte,
776 2111 802 2150 y
833 2111 891 2136 un
925 2103 1039 2136 tanto
1074 2094 1344 2135 modificada:

408 2272 494 2324 No,
528 2271 679 2315 Fusco,
714 2268 756 2307 ni
789 2280 883 2306 arco
918 2267 957 2306 ni
990 2266 1167 2306 morisca
1199 2265 1329 2311 lanza,

412 2345 471 2384 Ni
503 2344 639 2396 aljaba
670 2341 878 2381 henchida
909 2341 961 2380 de
993 2340 1242 2379 herboladas
1274 2338 1438 2385 flechas,

357 2440 361 2445 ·
415 2418 474 2458 Ni
507 2431 619 2457 arma
651 2416 834 2467 ninguna
865 2414 1044 2454 necesita
1076 2413 1113 2453 el
1145 2412 1322 2452 hombre

594 2492 763 2542 Integro
795 2503 822 2542 y
852 2490 1014 2541 limpio.
