1940 2910
331 183 420 227 342
700 171 704 174 ⁴
779 191 882 217 ODAS
906 193 960 217 m:
986 193 1169 218 floruero

440 413 699 464 Plerumque
731 418 858 464 gratae
890 412 1092 452 divitibus
1128 412 1248 459 vices,

440 486 704 538 Mundaeque
735 499 865 538 parvo
898 486 976 525 sub
1009 487 1116 526 Lare
1140 499 1371 539 pauperum

536 560 720 605 VCoenae,
756 560 844 598 sine
875 559 1018 598 aulaeis
1050 565 1093 598 et
1123 567 1238 599 ostro

619 635 848 675 Sollicitam
880 635 1115 688 explicuere
1146 636 1341 676 frontem.

436 784 533 835 Jam
565 784 696 823 clarus
729 784 934 822 occultum
968 784 1259 824 Andromedae
1291 790 1407 836 pater

443 859 641 898 Ostendit
671 859 837 910 ignem;
865 859 953 910 jam
987 860 1179 911 Procyon
1212 859 1321 906 furit,

561 933 618 971 Et
651 932 770 971 stella
802 933 945 971 vesani
982 932 1135 971 Leonis

621 1006 719 1046 Sole
751 1006 840 1045 dies
873 1007 1074 1045 referente
1106 1006 1249 1045 siccos.

435 1154 533 1205 Jam
567 1159 710 1206 pastor
740 1155 911 1193 umbras
943 1168 1036 1193 cum
1069 1167 1192 1205 grege
1224 1154 1422 1204 languido

443 1228 692 1279 Rivumque
724 1228 858 1267 fessus
891 1229 1053 1280 quaerit,
1079 1234 1121 1266 et
1151 1227 1311 1266 horridi

565 1304 752 1342 Dumeta
784 1304 956 1350 Silvani,
991 1309 1184 1355 caretque

623 1378 741 1429 Ripa
772 1378 888 1429 vagis
921 1377 1122 1416 taciturna
1154 1377 1304 1416 ventis.

446 1526 514 1563 Tu
545 1525 753 1564 civitatem
787 1525 880 1577 quis
913 1525 1056 1564 deceat
1087 1531 1217 1564 status

446 1600 591 1646 Curas,
626 1606 667 1639 et
698 1601 791 1639 urbi
824 1600 1024 1639 sollicitus
1057 1600 1180 1639 times

568 1673 683 1726 Quid
716 1674 838 1713 Seres
871 1679 912 1712 et
943 1679 1111 1723 regnata
1144 1673 1255 1724 Cyro

625 1749 772 1786 Bactra
805 1753 940 1800 parert
972 1746 1211 1798 Tanaisque
1244 1746 1415 1785 discors.

448 1896 641 1935 Prudens
675 1896 801 1934 futuri
833 1897 1036 1947 temporis
1068 1895 1226 1934 exitum

447 1972 688 2023 Caliginosfi
720 1978 840 2010 nocte
873 1970 1026 2022 premit
1057 1970 1189 2015 Deus,

568 2045 786 2096 Ridetque
818 2044 853 2083 si
885 2043 1071 2082 mortalis
1103 2043 1210 2082 ultra

624 2120 708 2158 Fas
742 2119 933 2170 trepidat.
967 2117 1094 2169 Quod
1125 2117 1257 2164 adest,
1291 2123 1505 2156 memento

449 2266 718 2318 Componere
751 2279 919 2318 aequus;
952 2271 1087 2304 cetera
1118 2264 1302 2303 fluminis

451 2340 560 2378 Ritu
593 2341 791 2387 feruntur,
826 2352 935 2378 nunc
966 2339 1107 2378 medio
1140 2351 1309 2390 aequore

574 2415 680 2455 Cum
716 2428 815 2467 pace
847 2414 914 2453 del
947 2413 1114 2452 obentis
1146 2413 1370 2452 Etruscum

689 2490 740 2527 In
772 2500 898 2535 mare,
932 2500 1041 2526 nunc
1071 2487 1231 2539 lapides
1263 2486 1412 2525 adesos

1635 634 1685 674 16

1636 1015 1690 1043 20

1639 1386 1693 1427 24

1640 1745 1692 1784 28

1640 2124 1694 2165 32
