1940 2910
367 207 456 250 340
752 232 757 237 ..
814 215 916 240 οῡΛε
942 215 993 239 DE
1019 216 1202 241 nomem
1226 214 1231 217 ·

350 453 418 490 En
459 451 498 490 la
529 451 683 490 estrofa
729 459 793 500 17,
834 450 933 490 salta
972 450 1010 489 el
1043 452 1244 489 barbara>
1273 451 1428 502 pellex,
1466 452 1722 492 (concubina

290 522 492 580 barbara)
539 538 621 577 que
666 526 840 565 acentt'la
882 524 1211 576 energicamente
1257 525 1296 563 la
1338 524 1610 568 humillacidn
1653 526 1719 565 del

292 600 518 639 cautiverio
550 599 722 638 hilando
754 599 853 652 bajo
885 599 924 638 el
955 599 1144 638 dominio
1177 599 1230 638 de
1262 599 1301 638 la
1332 600 1564 639 concubina
1595 600 1647 640 de
1672 613 1720 639 su

293 688 403 722 amo,
430 689 457 727 y
482 688 564 726 que
588 675 627 713 la
651 674 818 713 traduce
843 673 1098 712 debilmente
1123 674 1175 712 «it
1199 686 1247 712 su
1276 687 1427 726 esposa
1451 688 1478 727 y
1502 680 1547 714 tu
1567 675 1718 714 rival».

293 750 353 789 Al
386 749 497 797 final,
533 763 577 789 se
608 750 768 801 ingerta
799 763 855 788 un
888 761 970 787 «no
1004 753 1044 787 te
1083 747 1328 796 asombre»,
1363 761 1444 800 que
1477 761 1521 788 es
1553 749 1661 801 ripio
1693 763 1719 802 y

804 1195 965 1238 ODE
1002 1197 1213 1237 XXIX

709 1403 750 1443 A
760 1404 799 1442 D
850 1402 1012 1443 MAEC
1023 1403 1299 1443 ENATEM

474 1581 672 1634 Tyrhena
706 1594 848 1632 regum
882 1581 1115 1632 progenies,
1151 1582 1227 1620 tibi

473 1657 574 1695 Non
608 1657 703 1694 ante
735 1668 855 1694 verso
889 1655 981 1694 lene
1014 1668 1174 1694 merum
1207 1655 1310 1694 cado

590 1729 699 1769 Cum
732 1728 846 1775 flore,
880 1730 1103 1776 Maecenas,
1138 1742 1339 1776 rosarum,
1373 1735 1415 1768 et

649 1803 801 1841 Pressa
832 1802 914 1841 tuis
945 1802 1121 1841 balanus
1153 1802 1328 1855 capillis.
1692 1814 1716 1853 4

464 1950 728 2002 Jamdudum
761 1950 874 2002 apud
906 1963 973 1989 me
1005 1955 1080 1989 est.
1114 1949 1286 2002 Eripete
1317 1962 1467 1996 morae;

469 2024 512 2062 N
518 2036 539 2061 e
573 2035 739 2074 semper
769 2027 902 2061 udum
935 2022 1068 2060 Tibur
1099 2027 1142 2060 et
1171 2021 1339 2060 AEsulae

590 2097 764 2136 Declive
795 2096 1093 2148 contempleris
1124 2108 1282 2142 arvum,
1316 2101 1358 2135 et

648 2170 850 2221 Telegoni
879 2170 980 2221 juga
1011 2169 1239 2222 parricidae.
1692 2167 1715 2206 8

469 2317 753 2357 Fastidiosam
786 2318 929 2357 desere
961 2317 1138 2370 copiam,
1171 2322 1213 2356 et

469 2392 632 2431 Molem
667 2392 949 2444 propinquam
981 2391 1166 2430 nubibus
1198 2391 1352 2445 arduis,

591 2466 751 2506 Omitte
784 2467 923 2506 mirari
954 2467 1088 2506 beatae

644 2541 685 2578 F
688 2553 834 2591 umum
858 2547 900 2580 et
923 2553 1026 2594 opes
1050 2540 1354 2593 strepitumque
1379 2540 1550 2579 Romae.
1664 2548 1713 2576 12
