1940 2910
367 183 457 226 408
809 190 911 215 onAs
936 191 987 215 οε
1015 191 1197 216 flonAcm

386 427 455 466 Ire
482 425 611 478 pedes
637 426 904 477 quocumque
927 425 1074 472 ferent,
1100 426 1375 478 quoqumque
1400 439 1474 479 per
1495 425 1641 483 undas,

504 501 648 540 Notus
680 499 846 539 vocabit
877 506 948 538 aut
972 506 1192 552 protervus
1228 501 1406 540 Africus.
1468 542 1471 543 ⁷

385 574 454 614 Sic
486 574 648 626 placet?
682 587 734 612 an
759 574 910 612 melius
942 574 1037 625 quis
1067 573 1196 613 habet
1227 574 1427 614 suadere?
1459 574 1651 614 Secunda

507 649 665 687 Ratem
698 660 898 699 occupare
931 648 1033 699 quid
1065 660 1278 686 moramur
1311 648 1436 687 alite?

386 725 472 765 Sed
500 725 691 776 juremos
722 724 765 763 in
797 723 907 763 haec:
941 724 1076 763 Simul
1107 724 1202 763 imis
1235 737 1333 763 saxa
1364 724 1547 764 renarint

506 799 643 837 Vadis
676 799 822 845 levata,
855 811 908 837 ne
939 798 1072 837 redire
1105 798 1158 837 sit
1189 799 1324 845 nefas3

387 872 488 912 Neu
519 884 719 910 conversa
751 871 926 909 domurn
957 871 1081 923 pigea
1112 871 1230 910 daret
1261 871 1399 918 lintea,
1435 870 1604 924 quando

507 946 649 985 Padus
682 946 845 984 Matina
875 946 1021 984 laverit
1051 945 1276 992 cacumina,

387 1024 439 1062 In
471 1035 584 1061 mare
617 1035 690 1061 seu
723 1021 856 1060 celsus
889 1021 1137 1073 procurrerit
1167 1021 1436 1074 Apenninus,

506 1098 716 1148 Novzique
749 1102 935 1134 monstra
961 1096 1146 1148 junxerit
1177 1095 1351 1134 libidine

388 1174 523 1212 Mirus
556 1185 686 1219 arnor,
716 1171 835 1224 juvet
866 1178 912 1210 ut
944 1172 1068 1222 tigres
1104 1171 1320 1210 subsidere
1352 1171 1495 1218 cervis,

508 1247 782 1286 Adulteretur
812 1252 854 1285 et
885 1246 1095 1285 columbia
1127 1246 1283 1292 milvio,

387 1323 569 1364 Credula
601 1336 676 1362 nec
707 1335 828 1361 ravos
861 1322 1035 1361 timeant
1066 1328 1253 1360 armenta
1285 1321 1441 1368 leones,

505 1400 720 1449 Ametque
753 1397 860 1436 salsa
890 1396 1007 1435 laevis
1039 1395 1176 1435 hircus
1209 1409 1391 1448 [equora.
1667 1405 1723 1446 34

390 1584 590 1630 Hzec‚.et
614 1595 710 1634 quae
743 1587 940 1633 poterunt
971 1581 1128 1620 reditus
1160 1581 1402 1620 abscindere
1434 1579 1588 1626 dulces,

510 1658 670 1696 Eamus
703 1656 840 1694 omnis
874 1662 1083 1695 exsecrata
1113 1655 1269 1701 civitas,

390 1735 481 1771 Aut
512 1731 683 1770 indocili
715 1731 863 1770 melior
894 1743 1039 1781 grege;
1072 1730 1211 1768 rnollis
1244 1735 1285 1768 et
1317 1741 1466 1781 exspes

510 1805 749 1845 Inominata
781 1805 1011 1857 perprimat
1042 1803 1211 1842 cubilia!
1667 1802 1721 1851 38

390 1991 498 2037 Vos,
533 1989 686 2041 quibus
719 1996 782 2028 est
813 1989 956 2036 virtus,
991 1988 1237 2027 muliebrem
1272 1988 1403 2027 tollite
1435 1987 1592 2026 luctum

509 2065 687 2102 Etrusca
718 2070 873 2115 praeter
906 2070 947 2102 et
978 2063 1114 2101 volate
1147 2063 1297 2101 littora.

386 2139 482 2178 Nos
515 2144 656 2178 manet
688 2138 881 2177 Oceanus
913 2138 1218 2188 circumvagus:
1252 2150 1360 2183 arva,
1394 2136 1518 2175 beata

511 2215 711 2253 Petamus
743 2226 852 2259 arva,
887 2213 1037 2252 divites
1069 2218 1110 2252 et
1140 2212 1308 2258 insulas,

393 2288 558 2328 Reddit
589 2288 662 2327 ubi
694 2288 887 2327 Cererem
921 2287 1042 2326 tellus
1074 2287 1230 2325 inarata
1261 2284 1502 2338 quotannis,

508 2364 566 2401 Et
597 2362 802 2414 imputata
835 2361 954 2400 floret
986 2374 1120 2414 usque
1152 2361 1287 2406 vinea,

390 2437 610 2476 Germinat
640 2442 682 2476 et
713 2449 930 2488 nunquam
963 2436 1145 2474 fallentis
1178 2442 1329 2474 termes
1363 2433 1500 2480 olivae,

511 2511 725 2562 suamque
757 2511 871 2563 pulla
904 2508 1003 2549 ficus
1035 2516 1155 2549 ornat
1185 2509 1389 2554 arborem,
