1940 2910
766 281 868 305 ODAS
893 281 948 304 DE
973 279 1157 304 HORACIO

426 517 685 568 Nostrisque
717 517 887 555 ductum
922 514 1201 555 seditionibus

427 592 595 631 Bellum
627 592 794 630 resedit.
828 591 1028 630 Protinus
1060 597 1102 629 et
1131 603 1277 641 graves

545 667 649 712 Iras,
683 671 724 704 et
755 665 937 704 invisum
972 670 1171 716 nepotem

613 741 764 778 Troica
796 752 923 791 quem
956 739 1120 791 peperit
1152 738 1356 785 sacerdos,

427 888 556 927 Marti
586 887 814 927 redonabo.
847 887 974 926 Illum
1007 899 1085 938 ego
1116 887 1273 926 lucidas

429 964 542 1003 Inire
575 963 708 1009 sedes,
745 962 894 1001 ducere
927 962 1106 1001 nectaris

551 1039 718 1084 Succos,
752 1043 794 1076 et
825 1037 1005 1075 adscribi
1037 1036 1188 1088 quietis

612 1111 843 1152 Ordinibus
876 1111 1009 1163 patiar
1033 1112 1237 1149 Deorum.

432 1263 548 1302 Dum
581 1261 732 1311 longus
764 1259 872 1298 inter
903 1259 1048 1298 saeviat
1078 1259 1189 1297 Ilion

432 1337 708 1385 Romamque
740 1339 908 1384 pontus,
943 1332 1128 1384 qualibet
1159 1332 1323 1371 exsules

555 1410 605 1447 In
637 1413 753 1459 parte
786 1412 988 1457 regnanto
1021 1406 1152 1444 beati:

610 1483 731 1520 Dum
764 1481 921 1519 Priami
953 1481 1204 1533 Paridisque
1235 1481 1361 1519 busto

433 1630 625 1670 Insulted
657 1635 906 1675 armentum,
941 1624 991 1668 et'
1014 1628 1172 1667 catulos
1204 1627 1302 1668 ferae

437 1705 585 1745 Celent
614 1703 772 1749 inultae,
807 1710 888 1742 stet
921 1703 1176 1757 Capitolium
1217 1743 1219 1745 ,

553 1778 753 1829 Fulgens,
787 1776 1139 1828 triumphatisque
1171 1776 1306 1828 possit

614 1853 761 1891 Roma
791 1851 907 1890 ferox
939 1851 1039 1889 dare
1067 1850 1160 1902 jura
1192 1850 1347 1889 Medis.

437 2000 664 2040 Horrenda
695 1999 776 2038 late
807 2012 962 2038 nomen
994 1998 1037 2037 in
1069 1998 1238 2038 ultimas

437 2073 651 2112 Extendat
682 2084 788 2118 oraS,
823 2072 905 2122 qua
935 2071 1099 2110 medius
1131 2071 1269 2122 liquor

555 2147 741 2187 Secernit
772 2147 971 2197 Europen
1005 2145 1058 2183 ab
1091 2146 1214 2192 Afro,

616 2220 710 2272 Qua
742 2219 927 2258 tumidus
959 2219 1064 2270 rigat
1094 2232 1191 2258 arva
1222 2219 1362 2258 Nilus.

437 2371 603 2407 Aurum
638 2367 899 2420 irrepertum,
933 2372 974 2405 et
1005 2365 1062 2405 sic
1093 2366 1243 2406 melius
1276 2366 1402 2405 situm

439 2442 582 2494 Quum
615 2447 722 2480 terra
753 2441 870 2486 celat,
898 2453 1093 2492 spernere
1124 2440 1270 2479 fortior

559 2515 696 2567 Quam
729 2527 874 2566 cogere
905 2513 1113 2553 humanos
1144 2514 1187 2552 in
1221 2526 1319 2552 usus

619 2588 758 2628 Omne
790 2601 950 2627 sacrum
983 2588 1215 2641 rapierente
1246 2587 1403 2626 dextra.

1626 1490 1685 1530 40

1626 1859 1685 1899 44

1629 2594 1684 2636 52
