1940 2910
267 155 322 198 96
714 162 814 185 onas
840 162 892 185 m:
918 161 1100 185 HORAfflo

196 397 219 434 y
261 382 454 427 caballos,
497 394 540 419 es
581 394 662 418 una
705 380 887 419 variante
931 380 983 419 de
1030 380 1068 418 la
1107 379 1271 418 version
1318 378 1371 417 de
1417 378 1615 423 Moratin‚

194 469 359 507 annque
403 455 653 506 incluyendo
697 454 734 493 el
779 454 870 506 jay!
916 467 993 493 con
1037 453 1075 492 el
1121 452 1326 504 agregado
1373 452 1425 491 de
1475 451 1619 490 llamar

196 531 386 568 Taliente
418 529 454 567 al
487 528 666 567 caballo:

552 675 642 728 Ay!
676 677 825 714 cuanto
858 675 999 725 sudor,
1033 675 1181 713 cuanto

374 751 428 789 A]
464 750 588 789 heroe
621 750 800 801 aguarda
832 763 858 801 y
890 750 928 787 al
960 749 1091 788 corcel
1121 746 1318 787 valiente!

258 898 459 937 La·fie1·a
505 898 660 936 actitud
703 898 755 936 de
800 897 935 942 Palas,
977 898 1064 935 esta
1103 908 1204 947 peor
1236 894 1406 946 pintada
1445 905 1526 944 que
1566 905 1616 930 en

197 973 395 1018 Moram),
431 971 662 1009 omitiendo
695 971 761 1009 del
795 971 895 1009 todo
928 971 965 1008 la
998 970 1122 1015 rabia,
1157 982 1238 1020 que
1271 980 1314 1007 se
1337 967 1546 1006 convierte
1567 978 1616 1004 en

189 1064 213 1081 <x
227 1047 348 1098 golpe
384 1046 487 1083 rudo
500 1059 537 1083 »:

736 1518 897 1560 ODE
940 1518 1078 1558 XVI

669 1703 1145 1743 PALINODIA

377 1861 414 1900 O
449 1869 578 1899 matre
611 1859 781 1912 pulchra
814 1859 896 1898 filia
929 1859 1134 1911 pulchros,

377 1935 514 1985 Quem
548 1934 780 1972 criminosis
813 1946 992 1984 cumque
1024 1933 1138 1971 voles
1172 1933 1343 1970 modum

555 2009 696 2046 Pones
729 2008 893 2053 iambis,
929 2007 1014 2045 sive
1049 2005 1214 2044 flamma

559 2083 657 2121 Sive
691 2082 792 2120 mari
819 2082 920 2120 libet
953 2081 1155 2119 Adriano.
1596 2092 1620 2129 4

377 2231 476 2268 Non
513 2229 792 2281 Dindymene,
827 2241 909 2266 non
943 2228 1078 2279 adytis
1111 2228 1243 2278 quatit

377 2305 550 2341 Menten
585 2302 844 2340 sacerdotum
878 2302 1011 2339 incola
1043 2300 1232 2352 Pythius,

555 2377 655 2414 Non
689 2376 815 2414 Liber
847 2377 977 2426 aeque,
1012 2388 1095 2413 non
1127 2382 1243 2412 acuta

558 2451 624 2489 Sic
657 2451 868 2501 geminant
901 2450 1174 2501 Coryibantes
1208 2461 1288 2487 aera
1593 2448 1615 2486 8
