1940 2910
781 250 882 275 ODAS
918 250 973 274 DE
1009 250 1192 275 HORACIO

445 487 504 524 Et
534 490 627 524 tuto
660 484 713 523 ab
747 485 844 524 atris
877 498 1050 537 corpore
1082 486 1236 538 viperis

447 559 688 598 Dormirem
715 564 756 598 et
787 559 907 606 ursis,
934 566 980 599 ut
1010 573 1221 612 premerer
1251 561 1364 599 sacra

568 634 793 685 Lausoque
819 634 1050 686 collataque
1082 640 1235 687 myrto,

627 708 729 745 Non
763 708 851 748 sine
883 709 961 748 Dis
993 709 1208 748 animosus
1239 709 1388 748 infans.

450 859 618 906 Vester,
653 859 862 904 Camenae,
889 863 1025 896 vester
1054 857 1098 895 in
1130 857 1283 896 arduos

451 933 597 972 Tollor
629 933 808 973 Sabinos
841 945 914 971 seu
946 931 1050 970 mihi
1080 932 1278 983 frigidum

570 1008 801 1053 Praeneste,
837 1019 910 1044 seu
942 1006 1077 1044 Tibur
1107 1006 1319 1058 supinum,

629 1081 713 1120 Seu
746 1080 919 1132 liquidae
951 1080 1142 1133 placuere
1174 1081 1302 1120 Baiae.

449 1229 618 1268 Vestris
651 1229 829 1267 amicum
863 1229 1050 1268 fontibus
1083 1235 1124 1269 et
1155 1229 1305 1276 choris,

452 1305 554 1342 Non
587 1316 654 1342 me
678 1302 889 1355 Philippis
914 1317 1033 1342 versa
1056 1304 1163 1342 acies
1197 1310 1318 1351 retro,

568 1378 736 1416 Devota
769 1391 852 1416 non
887 1378 1064 1417 extinxit
1095 1378 1235 1428 arbos,

630 1452 724 1490 Nec
754 1451 892 1490 Sicula
925 1451 1147 1490 Palinurus
1180 1451 1304 1489 unda.

449 1601 694 1651 Utcumque
727 1612 890 1638 mecum
927 1612 999 1637 vos
1031 1599 1159 1647 eritis,
1193 1598 1328 1638 libens

454 1674 740 1713 Insanientem
774 1673 913 1712 navita
944 1674 1184 1724 Bosporum

574 1748 782 1794 Tentabo,
817 1754 858 1787 et
889 1753 1056 1786 urentes
1089 1760 1234 1786 arenas

635 1822 809 1860 Littoris
842 1822 994 1875 Assyri
1026 1823 1178 1861 viator:

457 1970 608 2008 Visam
642 1970 866 2009 Britannos
897 1969 1135 2022 hospitibus
1167 1971 1293 2019 serosl.

456 2046 515 2083 Et
547 2045 691 2083 laetum
724 2045 880 2096 equino
913 2045 1114 2096 sanguine
1147 2045 1406 2091 Concanum,

575 2119 726 2157 Visam
762 2118 1023 2170 pharetratos
1057 2119 1256 2166 Gelonos,

634 2194 692 2232 Et
724 2192 944 2245 Scythium
978 2193 1201 2232 inviolatus
1234 2206 1401 2234 amnen.

454 2342 550 2379 Vos
584 2341 798 2380 Coesarem
831 2341 978 2387 altum,
1016 2341 1165 2380 militia
1197 2341 1320 2380 simul

454 2416 609 2454 Fessas
641 2414 834 2454 cohortes
867 2415 1030 2454 addidit
1062 2414 1244 2466 oppidis,

579 2489 723 2527 Finire
757 2494 1015 2541 quaerentem
1049 2489 1226 2536 labores,

640 2563 780 2602 Pierio
813 2563 1004 2603 recreatis
1036 2569 1154 2603 antro
1165 2577 1175 2610 ;

1645 718 1698 745 20

1648 1094 1702 1134 24

1647 1450 1699 1488 28

1647 1832 1700 1872 32

1650 2570 1707 2611 40

1902 2345 1923 2399 0M
