1940 2910
1157 110 1182 124 Ὠ

835 223 937 248 ODAS
962 224 1015 248 DE
1041 223 1224 249 HORACIO

497 457 582 509 Qui
615 458 774 510 primus
806 458 915 496 alma
947 458 1035 497 risit
1065 458 1228 505 adorea,

497 532 626 571 Dirus
661 545 735 584 per
766 533 890 571 urbes
922 533 1028 571 Afer
1058 539 1104 571 ut
1134 533 1261 572 Italas

618 607 707 647 Ceu
741 607 909 647 flamma
941 621 1016 660 per
1048 608 1177 647 taedas
1210 608 1274 647 vel
1307 609 1446 647 Eurus

674 684 757 723 Per
787 683 945 723 Siculas
977 683 1178 735 equitaw‘t
1209 683 1356 722 undas.

498 832 603 870 Post
633 830 714 869 hoc
745 831 936 870 secundis
967 844 1102 884 usque
1134 831 1346 871 laboribus

500 907 700 944 Romana
732 906 867 958 pubes
899 906 1039 953 crevit,
1073 912 1115 945 et
1145 906 1276 958 impio

621 981 800 1019 Vastata
831 981 1061 1019 Poenorum
1096 981 1277 1020 tumultu

676 1056 713 1093 F
717 1068 794 1093 ana
826 1056 942 1094 Deos
974 1054 1156 1094 habuere
1189 1061 1334 1102 rectos,

500 1203 707 1255 Dixitque
738 1203 906 1242 tandem
941 1202 1125 1255 perfidus
1158 1203 1366 1242 Annibal:

503 1277 670 1324 «Cervi,
705 1277 900 1329 luporum
933 1277 1076 1328 praeda
1108 1277 1330 1328 rapacium,

620 1352 836 1391 sectamur
867 1351 975 1390 ultro
1009 1363 1117 1402 quos
1150 1351 1317 1402 opimus

621 1426 783 1465 Fallere
815 1432 857 1465 et
888 1424 1068 1475 effugere
1101 1431 1164 1465 est
1196 1423 1447 1476 triumphos.

502 1575 616 1614 Gens
649 1587 746 1626 quae
778 1580 959 1613 cremato
991 1574 1109 1614 fortis
1142 1573 1193 1612 ab
1227 1573 1322 1612 Illio

496 1649 658 1702 Jactata
690 1649 838 1687 Tuscis
873 1649 1112 1700 aequoribus
1146 1661 1258 1686 sacra

621 1725 847 1775 Natosque
879 1730 1150 1775 maturosque
1182 1728 1319 1774 patres

678 1798 857 1837 Pertulit
888 1797 1104 1837 Ausonias
1137 1797 1190 1835 ad
1222 1796 1358 1842 urbes,

502 1946 629 1985 Duris
660 1953 706 1985 ut
737 1946 834 1984 illex
867 1952 978 1984 torsa
1009 1945 1263 1998 bipennibus

503 2021 648 2071 Nigrae
680 2020 799 2058 feraci
833 2019 993 2058 frondis
1024 2020 1067 2058 in
1101 2019 1272 2071 Algido,

621 2096 704 2133 Per
736 2094 900 2141 damna,
935 2107 1008 2146 per
1040 2094 1188 2140 caedes,
1223 2094 1274 2131 ab
1307 2094 1400 2144 ipso

680 2170 807 2208 Ducit
839 2182 941 2221 opes
973 2169 1243 2220 animumque
1276 2169 1396 2206 ferro.

506 2319 606 2356 Non
641 2317 791 2369 Hydra
823 2322 936 2355 secto
967 2329 1141 2368 corpore
1175 2315 1333 2354 firmior

503 2392 630 2432 Vinci
661 2392 872 2431 dolentem
904 2392 1031 2431 crevit
1061 2392 1103 2430 in
1138 2391 1377 2437 Herculem,

623 2468 916 2506 Monstrumve
949 2466 1180 2505 submisere
1214 2464 1361 2505 Colchi

682 2541 835 2593 Majus,
870 2539 1139 2580 Echioniaeve
1171 2538 1345 2593 Thebae.

1687 694 1743 733 44

1690 1431 1742 1474 52

1690 2165 1746 2204 60
