1940 2910
775 197 877 222 ODAS
900 198 953 222 DE
978 197 1163 222 nonAcm

440 431 686 483 Stirpesque
719 437 857 483 raptas
890 437 931 470 et
962 444 1089 483 pecus
1121 437 1163 470 et
1193 431 1344 471 domos

441 505 664 544 Volventis
697 507 791 551 una,
825 519 909 544 non
943 505 1031 544 sine
1063 506 1270 545 montium

561 579 754 620 Clamore
784 579 1018 631 vicinaeque
1051 579 1181 627 silvae,

620 654 761 706 Quum
793 654 880 693 fera
911 653 1087 693 diluvies
1119 652 1285 706 quietos

443 802 580 841 Irritat
611 815 768 840 amnes.
802 802 879 840 Ille
912 807 1062 854 potens
1095 802 1179 841 suit

442 878 670 928 Laetusque
702 876 837 927 deget,
869 876 936 914 cui
967 876 1062 915 licet
1092 875 1134 914 in
1167 875 1279 915 diem

560 950 742 990 Dixisse:
776 950 892 989 Vixi.
927 950 1028 990 Cras
1059 949 1126 989 vel
1157 951 1244 989 atra

619 1025 748 1064 Nube
781 1025 925 1077 polum
959 1026 1083 1064 Pater
1114 1031 1328 1077 occupato,

442 1174 524 1213 Vel
559 1174 620 1212 sol
653 1186 778 1226 puro:
814 1186 898 1212 non
931 1179 1070 1212 tamen
1103 1173 1277 1219 irritum,

442 1249 750 1300 Quodcumque
783 1254 892 1286 retro
925 1255 1000 1294 est,
1035 1247 1197 1294 efficiet,
1231 1260 1369 1299 neque

562 1322 764 1373 Diffinget
800 1322 1084 1374 infectumque
1116 1322 1264 1360 reddet

621 1397 717 1448 Quo
751 1396 898 1448 figiens
931 1397 1062 1435 semel
1093 1395 1198 1435 hora
1230 1395 1357 1435 vexit.

442 1546 629 1584 Fortuna
662 1557 774 1583 saevo
806 1545 902 1583 laeta
934 1544 1115 1594 negotio,
1151 1550 1192 1583 et

442 1619 611 1658 Ludum
643 1619 892 1658 insolentem
926 1619 1068 1657 ludere
1100 1619 1306 1670 pertinax,

561 1695 830 1732 Transmutat
860 1693 1038 1731 incertos
1068 1692 1263 1735 honores.

625 1768 751 1806 Nunc
783 1766 899 1814 mihi,
932 1780 1042 1805 nunc
1073 1767 1142 1805 alii
1173 1766 1367 1818 benigna.

443 1916 590 1954 Laudo
622 1921 882 1961 manentem;
917 1915 950 1954 si
983 1915 1135 1954 celeres
1168 1914 1302 1966 quatit

441 1992 607 2029 Pennas
640 1990 805 2040 resigno
838 2002 933 2041 quae
967 1989 1096 2035 dedit,
1131 1995 1172 2028 et
1204 1990 1297 2028 mezi

560 2064 730 2102 Virtute
763 2076 830 2102 me
861 2063 1044 2104 involvo.
1079 2062 1342 2114 probamque

619 2137 869 2188 Pauperiem
902 2136 990 2175 sine
1021 2136 1119 2174 dote
1151 2148 1313 2186 quaero.

391 2300 394 2303 ·
442 2286 543 2323 Non
576 2297 620 2324 es
652 2297 807 2331 meum,
842 2283 875 2323 si
908 2283 1067 2335 mugiat
1101 2284 1252 2322 Africis

444 2359 601 2398 Mallus
634 2359 842 2412 procellis,
876 2359 929 2397 ad
966 2359 1133 2398 miseras
1165 2370 1306 2410 preces

559 2433 788 2471 Decurrere
821 2438 861 2471 et
893 2435 1001 2471 votis
1032 2432 1182 2484 pacisci
1217 2456 1220 2459 -

623 2507 715 2546 Nec
748 2506 915 2559 Cypriae
948 2507 1173 2560 Tyriaeque
1206 2519 1377 2546 merces.

1631 663 1690 703 40

1633 1034 1690 1074 44

1634 1774 1686 1816 52

1630 2504 1687 2543 60
