1940 2910
392 209 485 243 410
842 209 943 233 ΟΟΑ5
970 210 1022 233 DE
1049 210 1232 234 HORAclo

409 443 539 482 Mella
570 444 670 481 cava
702 441 872 480 manant
904 455 954 481 ex
980 439 1093 488 ilice‚‘
1120 443 1335 482 montibus
1367 439 1482 483 altis
1523 438 1528 442 ’

528 517 655 555 Levis
687 523 879 568 crepante
910 515 1070 568 limpha
1102 517 1240 556 desilit
1271 514 1393 569 pede.

412 592 504 630 Illic
535 591 707 642 injussae
740 591 911 629 veniunt
943 591 995 629 ad
1028 591 1203 630 mulctra
1235 591 1418 643 capellae,

529 665 766 716 Refertque
799 671 911 703 tenta
943 678 1041 715 grex
1073 665 1230 704 amicus
1272 666 1421 709 ubera;

411 740 504 778 Nec
536 739 800 790 vespertinus
834 738 1119 789 circumgemit
1149 752 1271 777 ursus
1297 739 1427 786 ovile,-

532 813 625 852 Nec
655 813 896 851 intumescit
928 812 1010 851 alta
1041 812 1196 864 viperis
1228 813 1396 852 humus.

414 983 624 1034 Pluraque
655 983 794 1021 felices
826 982 1091 1021 mirabimur:
1123 990 1170 1021 ut
1201 996 1338 1035 neque
1369 983 1493 1035 largis

533 1060 738 1108 Aquosus
770 1058 910 1095 Eurus
943 1070 1040 1095 arva
1071 1057 1188 1096 radat
1219 1057 1441 1111 imbribus,

414 1131 594 1182 Pinguia
625 1143 701 1169 nec
734 1131 850 1169 siccis
880 1138 1051 1169 urantur
1084 1131 1244 1170 semina
1276 1131 1422 1182 glebis,

533 1205 758 1256 Utrunque
790 1217 895 1255 nege
927 1211 1185 1256 temperante
1220 1205 1421 1244 coelitum.

417 1375 518 1413 Non
550 1373 631 1412 huc
662 1375 810 1424 Argoo
842 1374 1056 1412 contendit
1087 1374 1242 1425 remige
1274 1375 1412 1426 pinus,

535 1450 689 1500 Neque
722 1448 934 1500 impudica
966 1448 1134 1487 Colchis
1166 1449 1306 1488 intulit
1338 1449 1512 1501 pedem;

417 1523 518 1561 Non
551 1521 633 1560 huc
664 1521 826 1561 Sidonii
858 1528 1060 1560 torserum
1095 1535 1247 1560 cornua
1280 1530 1401 1569 natae,

537 1597 768 1635 Laboriosa
800 1610 874 1635 nec
905 1596 1054 1635 cohors
1090 1597 1290 1650 Ullysse'i.

417 1672 549 1711 Nulla
579 1676 730 1710 nocent
761 1671 900 1723 pecori
930 1671 1130 1722 contagia,
1163 1672 1317 1710 nullius
1349 1672 1447 1711 astri

540 1746 720 1795 Gregem
754 1752 934 1784 aestuosa
975 1752 1101 1784 torret
1133 1746 1394 1798 impotentia.

415 1917 584 1969 Jupiter
616 1916 686 1954 illa
710 1916 792 1968 piae
825 1917 998 1955 secrevit
1030 1916 1167 1955 littora
1199 1917 1325 1968 genti,

539 1989 602 2028 Ut
630 1989 865 2040 inquinavit
896 2002 977 2027 aere
1009 1995 1174 2041 tempus
1206 2002 1396 2034 aureum;

421 2063 541 2109 AEre,
568 2062 718 2102 dehinc
749 2063 857 2101 ferro
890 2063 1053 2101 duravit
1086 2063 1248 2110 saecula,
1283 2075 1463 2115 quorum

541 2137 630 2176 Piis
662 2137 854 2184 secunda,
889 2144 981 2176 vate
1013 2151 1092 2185 me,
1127 2138 1248 2177 datur
1278 2136 1395 2189 suga!

1698 2133 1755 2172 66
