1940 2910
338 196 427 238 3¹4

784 203 886 228 ODAS
911 205 963 228 DE
989 204 1172 229 HORACIO

445 455 665 503 Cerberus,
701 455 893 507 quamvis
925 455 1070 495 furiale
1100 461 1267 495 centum

444 529 641 568 Muniant
671 543 828 580 angues
860 535 984 581 caput
1015 529 1118 582 ejus,
1151 535 1276 582 atque

448 603 628 655 Spiritus
661 609 765 642 teter
796 603 1016 654 saniesque
1048 610 1189 642 manet

684 677 768 716 Ore
801 677 998 728 trilingui.

447 825 563 876 Quin
595 830 636 864 et
667 824 791 864 Ixion
824 825 1031 877 Titosque
1062 826 1180 864 vultu

447 900 565 938 Risit
595 899 728 938 invito
739 913 749 946 ;
783 899 896 938 stetit
927 913 1030 938 urna
1060 901 1231 952 paulum

447 974 575 1020 Sicca,
610 974 708 1012 dum
743 979 860 1025 grato
892 974 1033 1012 Donai
1065 974 1223 1026 puellas

684 1048 878 1088 Carmine
909 1049 1078 1088 mulces.

449 1197 610 1236 Audiat
641 1197 760 1249 Lyde
793 1197 925 1236 seclus
957 1202 1083 1250 atque
1115 1203 1236 1236 notas

449 1271 690 1321 Virginium
722 1284 883 1322 poenas,
917 1277 958 1310 et
989 1271 1110 1310 inane
1143 1270 1330 1323 lymphae

450 1345 596 1384 Dolim
630 1345 761 1384 fundo
794 1346 1006 1397 pereuntis
1030 1345 1129 1392 imo,

685 1419 868 1471 Seraque
898 1419 994 1458 sata.

451 1567 558 1618 Quae
590 1573 761 1606 manent
792 1567 934 1618 culpas
968 1567 1093 1606 etiam
1128 1567 1206 1605 sub
1241 1566 1365 1606 Orco.

452 1641 603 1692 Impiae
638 1640 759 1694 (nam
793 1641 897 1693 quid
929 1648 1102 1693 potuere
1135 1641 1267 1692 majus
1280 1641 1314 1695 ?)

452 1699 603 1768 Impiae
637 1729 817 1768 sponsos
850 1722 1023 1768 potuere
1055 1716 1160 1755 duro

689 1790 870 1829 Perdere
902 1789 1030 1828 ferro!

450 1939 549 1977 Una
580 1938 632 1977 de
665 1938 820 1985 multis,
854 1938 940 1976 sace
973 1937 1147 1991 nuptiali

451 2012 604 2063 Digna,
639 2012 850 2063 perjurum
883 2011 962 2050 fuit
992 2011 1033 2049 in
1066 2017 1279 2062 parentem

453 2086 683 2138 Splendide
709 2085 906 2137 mendax,
943 2091 983 2124 et
1015 2098 1140 2124 omne
1173 2084 1289 2135 virgo

691 2161 860 2200 Novilis
893 2173 1043 2207 aevum,

451 2328 469 2345 <2
486 2301 629 2360 Surge,
664 2322 759 2361 quae
792 2309 896 2348 dixit
923 2308 1068 2360 juveni
1099 2307 1260 2354 marito,

452 2385 599 2435 Surge,
634 2396 686 2422 ne
718 2383 867 2434 longus
899 2382 977 2421 tibi
1009 2394 1196 2434 somnus,
1229 2378 1342 2419 unde

454 2459 559 2497 Non
593 2458 728 2505 times,
762 2457 902 2503 deun-3
936 2469 1125 2496 socerum
1157 2462 1198 2494 et
1230 2455 1422 2494 scelestas

699 2531 817 2570 Falle
850 2543 1025 2578 sorores,

1637 687 1691 716 20

1638 1057 1693 1097 24

1641 1417 1693 1454 28

1640 1797 1693 1836 32

1644 2537 1700 2576 40
