1940 2910
741 187 840 212 ODAS
866 187 919 210 DE
944 185 1127 209 HORACIO

402 425 561 465 Defluit
593 423 704 463 saxis
736 423 913 473 agitatus
945 419 1109 463 humor,

403 499 641 539 Concidunt
672 497 785 536 venti
819 495 1066 546 fugiuntque
1100 493 1248 537 nubes,

403 578 458 614 Et
490 575 643 620 minax,
678 573 791 624 quod
825 572 881 610 sic
913 571 1093 616 voluere,
1128 577 1272 621 pont0‚

699 647 828 686 Unda
859 645 1077 683 recumbit.

404 797 640 836 Romulum
675 802 771 848 post
801 794 879 834 hos
913 794 1039 845 prius,
1075 807 1125 831 an
1161 792 1345 844 quietum

406 873 606 925 Pompilii
638 885 810 923 regnum
844 883 1087 915 memorem,
1122 882 1171 907 an
1207 880 1412 919 supernos

407 949 609 999 Tarquini
640 947 784 993 fasces,
819 945 979 991 dubito,
1014 958 1065 983 an
1092 943 1263 983 Catonis

702 1021 861 1059 Nobile
894 1021 1038 1059 letum.

409 1171 624 1222 Regulum
659 1176 698 1208 et
730 1169 919 1215 Scauros,
954 1168 1189 1218 animaeque
1222 1180 1384 1217 magnae

410 1246 642 1296 Prodigum
675 1244 883 1289 Paullum,
918 1249 1140 1294 superante
1173 1243 1322 1287 Poeno,

412 1321 564 1359 Gratus
597 1319 749 1369 insigni
782 1318 959 1356 referant
992 1317 1187 1362 Camena,

709 1391 945 1429 Fabricium
952 1404 1046 1441 que.

415 1541 553 1586 Hunc,
588 1546 628 1578 et
660 1539 883 1590 incomptis
919 1538 1090 1577 Curium
1124 1537 1297 1590 capillis,

413 1614 572 1653 L’tilem
605 1614 730 1659 bello,
758 1614 851 1652 tulit
884 1620 923 1651 et
957 1612 1180 1651 Camillum

415 1687 535 1726 Saeva
567 1693 801 1738 paupertas,
837 1692 876 1724 et
908 1685 1042 1724 avitus
1075 1692 1172 1736 apto

711 1760 817 1799 Cum
852 1760 957 1798 Lare
989 1759 1155 1797 fundus.

417 1909 572 1948 Crescit
604 1908 764 1946 occulto
797 1908 910 1946 velut
942 1908 1064 1946 arbor
1097 1920 1188 1946 aevo

417 1984 548 2022 Fama
580 1983 786 2029 Marcelli;
821 1983 944 2021 micat
975 1984 1082 2022 inter
1114 1995 1260 2021 omnes

412 2058 570 2109 Julium
605 2057 734 2103 sidus,
768 2058 882 2096 velut
913 2058 1018 2096 inter
1050 2059 1165 2108 ignes

714 2132 834 2170 Luna
865 2132 1062 2170 minores.

422 2280 567 2318 Gentis
600 2279 796 2318 humanae
829 2287 945 2331 pater
977 2286 1102 2330 atque
1134 2285 1286 2323 custos,

422 2352 523 2391 Orte
557 2352 750 2398 Saturno,
785 2352 860 2390 tibi
892 2365 988 2390 cura
1020 2353 1161 2402 magni

423 2425 598 2464 Caesaris
631 2426 725 2464 fatis
759 2426 875 2464 data:
911 2433 952 2464 tu
988 2426 1172 2464 secundo

721 2498 884 2537 Caesare
917 2512 1076 2549 regnes

1625 653 1646 678 Ν

1592 652 1613 691 Q)

1599 1397 1656 1435 40

1606 1770 1662 1806 44
